3250 4917
743 329 965 395 ...12-

270 533 398 612 partem
433 526 553 591 codicis
587 526 753 607 aliquanto
787 528 1003 591 recentiorem
1036 545 1120 593 esse.
1169 529 1307 593 Praeter
1337 548 1438 612 genus

271 642 445 719 scribendi,
476 642 563 723 quod
586 641 773 706 discernere
804 660 842 707 ac
872 652 962 708 certo
991 643 1118 708 cuidam
1147 645 1303 725 temporis
1333 646 1439 728 spatio

272 760 452 825 attribuere
475 760 586 840 utique
609 757 741 823 difficile
763 765 822 834 est,
847 758 1033 825 declaratur
1055 760 1118 824 hoc
1139 779 1189 837 eo,
1213 761 1299 842 quod
1322 781 1439 826 nornen

271 876 431 942 iohannis
446 874 617 940 Reuchlini
640 894 672 956 p.
694 875 789 939 1091
813 876 977 941 invenitur
999 896 1018 939 a
1034 877 1170 940 librario
1186 878 1300 958 opinor
1315 884 1439 941 temere

271 992 425 1068 auaitum,
449 991 580 1058 11111111
604 991 652 1070 iu
677 991 868 1056 imitationis
892 1009 1003 1059 eausa.
1122 974 1124 976 ’
1302 981 1305 1003 ’

359 1107 454 1173 Nora
477 1107 628 1171 nimirum
651 1124 705 1170 res
729 1106 867 1170 eundern
892 1107 1034 1170 codicem
1057 1108 1108 1171 bis
1127 1109 1263 1172 eundem
1280 1109 1440 1190 praebere

273 1223 478 1305 scriptorem.
518 1222 663 1298 Quaeres
686 1221 785 1303 igitur
810 1222 972 1298 continuo,
996 1228 1072 1286 utra
1086 1242 1164 1304 pars
1180 1224 1223 1288 sit
1237 1224 1327 1305 prior
1343 1222 1442 1305 atque

272 1338 407 1404 alterius
437 1338 530 1419 quasi
558 1355 690 1419 parens.
740 1336 896 1401 Ordinem
926 1338 1067 1419 partium
1100 1340 1209 1420 magni
1242 1358 1307 1403 non
1338 1338 1439 1404 facies

272 1456 333 1520 hac
355 1455 389 1518 in
413 1472 460 1530 re,
485 1454 636 1535 quoniam
659 1453 798 1535 primum
822 1454 954 1535 scripta,
978 1460 1045 1518 tum
1070 1462 1206 1522 consuta
1224 1474 1297 1520 esse
1313 1455 1392 1520 folia
1408 1464 1440 1520 et

273 1570 493 1651 conglutinata
522 1570 608 1634 inter
639 1586 749 1633 omnes
779 1576 918 1635 constat.
966 1570 1067 1634 Immo
1099 1590 1170 1635 cum
1199 1592 1233 1653 p.
1259 1572 1335 1636 88b
1364 1591 1431 1653 sqq.

271 1688 367 1768 plura
391 1684 573 1767 fragmenta
595 1685 803 1750 inveniantur
824 1704 920 1766 quam
936 1705 968 1766 p.
991 1685 1030 1748 19
1048 1689 1132 1767 sqq,
1156 1679 1252 1753 facile
1272 1688 1436 1769 putaveris

270 1802 358 1866 illam
382 1808 510 1884 partem
534 1818 606 1865 esse
628 1800 783 1883 priorem.
821 1802 863 1866 At
885 1802 979 1865 huius
1001 1802 1104 1883 partis
1120 1800 1193 1867 finis
1208 1803 1307 1884 periit
1321 1804 1440 1885 putuit·

271 1938 333 2001 que
357 1919 476 2001 perire,
504 1923 675 1999 postquam
699 1918 804 1983 attera
826 1935 905 1999 pars
929 1936 968 1981 ex
995 1918 1057 1982 hac
1085 1896 1208 2000 scripta
1236 1925 1296 1984 est.
1347 1918 1439 1997 Quod

271 2034 511 2117 comprobatur,
535 2038 695 2114 utsupra
719 2033 867 2109 diximus
890 2034 961 2115 ipso
985 2034 1150 2098 scribendi
1173 2053 1305 2116 genere.
1340 2034 1440 2098 Acce-

271 2150 352 2215 dunt
374 2157 481 2215 autem
506 2150 580 2225 alia,
605 2149 721 2230 quibus
745 2149 930 2214 declaratur
953 2150 1037 2213 hanc
1059 2150 1163 2232 ipsam
1186 2159 1313 2233 partein
1330 2152 1376 2232 (p.
1398 2149 1437 2212 19

272 2267 359 2349 sqq.)
385 2264 549 2347 exemplar
572 2263 675 2330 inisse
697 2265 791 2336 illius,
810 2266 857 2347 (p.
885 2266 959 2329 88b
985 2266 1073 2348 sqq.)
1101 2284 1208 2348 neque
1234 2288 1254 2332 a
1281 2268 1440 2331 communi

271 2390 368 2465 patre
390 2382 483 2465 quasi
506 2382 628 2445 liberos
657 2398 729 2445 esse
758 2381 912 2445 oriundos
942 2383 1047 2446 ambo.
1097 2382 1324 2463 Compluribus
1356 2382 1439 2446 enim

272 2500 353 2563 locis
376 2499 487 2581 legere
510 2516 574 2562 non
602 2498 708 2579 potuit
736 2498 792 2560 ille
823 2498 972 2580 scriptor,
1001 2518 1084 2580 quae
1111 2498 1216 2561 minus
1247 2505 1360 2578 aperte
1387 2499 1440 2561 hic

273 2616 463 2704 scripserat.
509 2612 564 2678 Sic
587 2614 618 2690 2,
645 2614 683 2677 17
708 2633 742 2695 p.
768 2614 818 2677 99
835 2614 968 2695 legitur:
993 2639 1034 2696 μη
1058 2651 1100 2659 -
1123 2612 1179 2675 dev
1203 2612 1439 2696 (superscripto

272 2730 380 2814 μηδὲν)
405 2732 472 2793 derv
496 2730 538 2814 (ει
562 2730 750 2811 compendio
775 2730 870 2794 solito
893 2730 1077 2812 scripturn).
1120 2729 1212 2807 Quod
1236 2746 1306 2792 cunr
1330 2713 1439 2809 legere

272 2847 413 2911 nesciret
428 2846 589 2928 posterior
606 2846 755 2927 scriptor,
774 2846 863 2910 dedit
878 2847 974 2928 μηδὲν
991 2846 1109 2910 omisso
1126 2845 1195 2907 δειν
1211 2842 1289 2920 (όν).
1313 2841 1437 2905 Deinde

270 2964 303 3039 4,
327 2964 347 3027 6
370 2983 402 3044 p.
429 2964 474 3027 20
496 2968 585 3026 recte
608 2961 726 3050 legitur
752 2958 832 3036 ’ὅλως
855 2960 889 3022 δὲ
911 2963 1014 3022 ἐκεῖνο
1034 2960 1183 3044 μέμνησο,
1207 2980 1239 3043 p.
1265 2958 1308 3022 90
1331 2964 1438 3022 autem

276 3075 354 3153 ὅλως
378 3079 411 3141 δὲ
435 3079 552 3153 ἐκεῖνος
576 3076 696 3161 μέμνησ
720 3078 777 3161 (un
799 3100 840 3136 σο
864 3093 935 3140 cum
959 3077 1214 3159 superscriptum
1239 3075 1282 3141 sit
1304 3074 1362 3157 oi)
1402 3073 1444 3137 At

273 3192 457 3274 diligentius
483 3191 511 3256 si
533 3173 686 3276 inspicies
710 3193 801 3257 iilum
825 3194 931 3257 locum
953 3191 1215 3274 prumienses
1239 3192 1292 3256 hic
1315 3207 1443 3273 quoque

273 3310 401 3384 ἐκεῖνος,
430 3308 488 3371 sed
516 3332 530 3381 ς
557 3315 677 3392 puncto
708 3309 891 3391 subscripto
921 3307 1050 3371 irritum
1080 3305 1211 3383 factum,
1243 3314 1277 3372 et
1304 3309 1445 3390 μέμνησο

273 3424 430 3506 scriptum
458 3424 599 3505 ligatura
630 3425 769 3506 quadam
796 3424 884 3488 illius
913 3448 966 3500 σο,
999 3441 1083 3503 qnae
1113 3423 1258 3504 paullum
1288 3421 1443 3484 abhorret

274 3538 314 3604 ab
338 3539 408 3622 ipso
433 3563 463 3600 σ.
488 3578 532 3586 -
554 3542 585 3616 4,
610 3542 629 3605 8
655 3548 688 3605 et
710 3541 730 3603 9
755 3541 894 3622 denique
917 3540 964 3604 sic
987 3538 1106 3618 legitur
1126 3557 1160 3619 p.
1180 3531 1325 3601 2011ΰο
1348 3537 1442 3619 χείρω

273 3654 377 3717 αὑτὸν
401 3657 521 3717 ἑαυτοῦ
543 3653 719 3739 ἄνθρωπον
742 3659 779 3718 οὐ
802 3666 900 3730 ποιεῖ,
929 3664 1032 3715 τοῦτο
1055 3653 1127 3713 οὐδὲ
1149 3651 1211 3712 τὸν
1241 3652 1312 3733 βίοι·
1340 3636 1446 3713 adcon

273 3762 380 3856 Ιχείρω
403 3772 441 3830 οὐ
462 3782 559 3831 ποιεῖ.
583 3770 655 3831 οὐδὲ
677 3765 828 3859 βλάπτειΙ
852 3762 930 3830 οὔτε
957 3761 1072 3841 {guber
1095 3763 1170 3848 (sie)
1200 3762 1278 3828 οὔτε
1308 3763 1443 3830 ἔνδοθεν

274 3879 320 3973 riv}
353 3887 501 3944 άκασται
516 3884 541 3966 1)
571 3888 588 3959 ἡ
617 3895 678 3946 τοῦ
708 3880 940 3974 συμφέροντος,
975 3883 1042 3966 (hie
1077 3881 1148 3948 111111
1182 3883 1296 3962 codem
1334 3887 1443 3944 cetera

273 4000 453 4083 perierunt.
502 3998 624 4065 Contra
647 4020 680 4083 p.
706 4000 1029 4082 901egunturhuec
1053 4049 1061 4064 .
1083 4049 1091 4065 .
1114 4051 1121 4067 .
1148 4010 1251 4062 τοῦτο
1282 3996 1354 4059 οὐδὲ
1383 3992 1444 4053 τὸν

348 4251 367 4319 ¹)
391 4256 490 4321 rante
509 4268 524 4299 a
548 4247 655 4317 saepius
680 4246 816 4302 omittitur
838 4246 866 4301 in
889 4250 934 4301 Mo
958 4252 971 4303 1
996 4240 1225 4315 pronuntiationis
1247 4239 1343 4311 opinor
1365 4237 1443 4305 riti03

274 4322 305 4380 cf.
324 4324 349 4396 2,
369 4324 401 4378 17
420 4344 544 4406 συκςισις
562 4336 612 4389 pru
631 4326 783 4404 adpapiurci
804 4325 847 4374 est
864 4318 953 4388 igitur
970 4326 1153 4393 ἠνάγκασται·
