<?xml version="1.0" encoding="UTF-8"?>
<!DOCTYPE html PUBLIC "-//W3C//DTD XHTML 1.0 Transitional//EN"
    "http://www.w3.org/TR/xhtml1/DTD/xhtml1-transitional.dtd">
<html xmlns="http://www.w3.org/1999/xhtml" xml:lang="en" lang="en">
 <head>
  <title>
</title>
<meta http-equiv="Content-Type" content="text/html;charset=utf-8" />
  <meta name='ocr-system' content='tesseract 3.04.00' />
  <meta name='ocr-capabilities' content='ocr_page ocr_carea ocr_par ocr_line ocrx_word'/>
</head>
<body>
  <div class='ocr_page' id='page_1' title='image "./adnotationescri00sticgoog_0014.png"; bbox 0 0 3250 4917; ppageno 0'>
   <div class='ocr_carea' id='block_1_1' title="bbox 719 305 942 377">
    <p class='ocr_par' dir='ltr' id='par_1_1' title="bbox 719 305 942 377">
     <span class='ocr_line' id='line_1_1' title="bbox 719 305 942 377; baseline 0.004 -18"><span class='ocrx_word' id='word_1_1' title='bbox 719 305 942 377; x_wconf 56' lang='lat'><strong>2210...</strong></span> 
     </span>
    </p>
   </div>
   <div class='ocr_carea' id='block_1_2' title="bbox 245 506 1508 2668">
    <p class='ocr_par' dir='ltr' id='par_1_2' title="bbox 247 506 1508 941">
     <span class='ocr_line' id='line_1_2' title="bbox 248 506 1418 597; baseline -0.002 -21"><span class='ocrx_word' id='word_1_2' title='bbox 248 510 417 597; x_wconf 78' lang='grc' dir='ltr'><strong><em>ῥούστικος</em></strong></span> <span class='ocrx_word' id='word_1_3' title='bbox 431 509 496 595; x_wconf 78' lang='grc' dir='ltr'><strong>Ιμίν</strong></span> <span class='ocrx_word' id='word_1_4' title='bbox 518 510 642 595; x_wconf 78' lang='grc' dir='ltr'><strong><em>μάρκαν</em></strong></span> <span class='ocrx_word' id='word_1_5' title='bbox 664 506 866 573; x_wconf 78' lang='grc' dir='ltr'><strong><em>πεπαίδεοκε</em></strong></span> <span class='ocrx_word' id='word_1_6' title='bbox 888 506 1084 592; x_wconf 74' lang='grc' dir='ltr'><strong><em>φαντασίαν</em></strong></span> <span class='ocrx_word' id='word_1_7' title='bbox 1106 511 1224 597; x_wconf 78' lang='grc' dir='ltr'><strong><em>λαχεῖν</em></strong></span> <span class='ocrx_word' id='word_1_8' title='bbox 1240 510 1265 592; x_wconf 89' lang='lat'><strong>¹)</strong></span> <span class='ocrx_word' id='word_1_9' title='bbox 1288 511 1360 585; x_wconf 65' lang='grc' dir='ltr'><strong>καί,</strong></span> <span class='ocrx_word' id='word_1_10' title='bbox 1385 516 1418 575; x_wconf 80' lang='lat' dir='ltr'><strong>ei</strong></span> 
     </span>
     <span class='ocr_line' id='line_1_3' title="bbox 249 622 1416 709; baseline -0.005 -16"><span class='ocrx_word' id='word_1_11' title='bbox 249 631 278 705; x_wconf 94' lang='grc'><strong>1,</strong></span> <span class='ocrx_word' id='word_1_12' title='bbox 302 628 322 691; x_wconf 86' lang='grc'>8</span> <span class='ocrx_word' id='word_1_13' title='bbox 350 625 450 694; x_wconf 78' lang='lat' dir='ltr'><strong>habet</strong></span> <span class='ocrx_word' id='word_1_14' title='bbox 475 644 535 707; x_wconf 75' lang='lat' dir='ltr'><strong>pre</strong></span> <span class='ocrx_word' id='word_1_15' title='bbox 563 624 653 709; x_wconf 83' lang='grc' dir='ltr'><strong><em>παρὰ</em></strong></span> <span class='ocrx_word' id='word_1_16' title='bbox 682 622 913 688; x_wconf 73' lang='grc' dir='ltr'><strong><em>Ἀπολλωνίοοι</em></strong></span> <span class='ocrx_word' id='word_1_17' title='bbox 942 625 960 686; x_wconf 80' lang='grc' dir='ltr'><strong>ὁ</strong></span> <span class='ocrx_word' id='word_1_18' title='bbox 988 622 1017 683; x_wconf 76' lang='grc' dir='ltr'><strong>δ’</strong></span> <span class='ocrx_word' id='word_1_19' title='bbox 1044 625 1259 703; x_wconf 56' lang='lat' dir='ltr'><strong>statuturos,</strong></span> <span class='ocrx_word' id='word_1_20' title='bbox 1289 628 1325 702; x_wconf 76' lang='grc'><strong>1,,</strong></span> <span class='ocrx_word' id='word_1_21' title='bbox 1349 626 1369 689; x_wconf 82' lang='grc'>9</span> <span class='ocrx_word' id='word_1_22' title='bbox 1390 628 1416 687; x_wconf 59' lang='lat' dir='ltr'><strong>xc‘r</strong></span> 
     </span>
     <span class='ocr_line' id='line_1_4' title="bbox 248 735 1508 822; baseline 0.002 -19"><span class='ocrx_word' id='word_1_23' title='bbox 248 743 282 806; x_wconf 78' lang='lat' dir='ltr'><strong>ul</strong></span> <span class='ocrx_word' id='word_1_24' title='bbox 309 743 430 818; x_wconf 78' lang='grc' dir='ltr'><strong>σίξτος,</strong></span> <span class='ocrx_word' id='word_1_25' title='bbox 465 741 493 817; x_wconf 81' lang='lat' dir='ltr'><strong>l,</strong></span> <span class='ocrx_word' id='word_1_26' title='bbox 519 739 561 804; x_wconf 89' lang='grc'><strong>10</strong></span> <span class='ocrx_word' id='word_1_27' title='bbox 584 738 658 801; x_wconf 81' lang='grc' dir='ltr'><strong>ὅδὲ</strong></span> <span class='ocrx_word' id='word_1_28' title='bbox 687 735 911 821; x_wconf 76' lang='grc' dir='ltr'><strong><em>γραμματικὸς</em></strong></span> <span class='ocrx_word' id='word_1_29' title='bbox 938 736 1141 822; x_wconf 78' lang='grc' dir='ltr'><strong><em>ἀλέξανδρος,</em></strong></span> <span class='ocrx_word' id='word_1_30' title='bbox 1171 741 1200 818; x_wconf 84' lang='lat' dir='ltr'><strong>l,</strong></span> <span class='ocrx_word' id='word_1_31' title='bbox 1227 743 1264 805; x_wconf 88' lang='lat' dir='ltr'><strong>ll</strong></span> <span class='ocrx_word' id='word_1_32' title='bbox 1295 748 1418 807; x_wconf 79' lang='lat' dir='ltr'><strong>autem:</strong></span> <span class='ocrx_word' id='word_1_33' title='bbox 1503 764 1508 772; x_wconf 88' lang='lat'><strong>·</strong></span> 
     </span>
     <span class='ocr_line' id='line_1_5' title="bbox 247 854 751 941; baseline -0.012 -21"><span class='ocrx_word' id='word_1_34' title='bbox 247 857 341 941; x_wconf 80' lang='grc' dir='ltr'><strong><em>παρὰ</em></strong></span> <span class='ocrx_word' id='word_1_35' title='bbox 364 854 551 939; x_wconf 79' lang='grc' dir='ltr'><strong><em>φρόντονος</em></strong></span> <span class='ocrx_word' id='word_1_36' title='bbox 574 856 751 940; x_wconf 61' lang='grc' dir='ltr'><strong><em>μεμάθηκε.</em></strong></span> 
     </span>
    </p>

    <p class='ocr_par' dir='ltr' id='par_1_3' title="bbox 245 949 1507 2208">
     <span class='ocr_line' id='line_1_6' title="bbox 336 949 1417 1051; baseline -0.001 -16"><span class='ocrx_word' id='word_1_37' title='bbox 336 970 524 1035; x_wconf 78' lang='lat' dir='ltr'>Lectionum</span> <span class='ocrx_word' id='word_1_38' title='bbox 548 986 705 1036; x_wconf 85' lang='lat' dir='ltr'><strong>novarum</strong></span> <span class='ocrx_word' id='word_1_39' title='bbox 729 984 810 1049; x_wconf 90' lang='lat' dir='ltr'><strong>quas</strong></span> <span class='ocrx_word' id='word_1_40' title='bbox 834 966 943 1031; x_wconf 87' lang='lat' dir='ltr'><strong>inveni</strong></span> <span class='ocrx_word' id='word_1_41' title='bbox 965 966 1000 1031; x_wconf 92' lang='lat' dir='ltr'><strong>in</strong></span> <span class='ocrx_word' id='word_1_42' title='bbox 1023 967 1085 1031; x_wconf 91' lang='lat' dir='ltr'><strong>hoc</strong></span> <span class='ocrx_word' id='word_1_43' title='bbox 1108 949 1220 1033; x_wconf 79' lang='lat' dir='ltr'><strong>codice</strong></span> <span class='ocrx_word' id='word_1_44' title='bbox 1244 967 1325 1038; x_wconf 89' lang='lat' dir='ltr'><strong>duas</strong></span> <span class='ocrx_word' id='word_1_45' title='bbox 1345 988 1417 1051; x_wconf 92' lang='lat' dir='ltr'><strong>pro·</strong></span> 
     </span>
     <span class='ocr_line' id='line_1_7' title="bbox 248 1081 1416 1166; baseline -0.002 -15"><span class='ocrx_word' id='word_1_46' title='bbox 248 1085 362 1151; x_wconf 87' lang='lat' dir='ltr'><strong>tulisse</strong></span> <span class='ocrx_word' id='word_1_47' title='bbox 385 1085 420 1149; x_wconf 94' lang='lat' dir='ltr'><strong>in</strong></span> <span class='ocrx_word' id='word_1_48' title='bbox 443 1085 583 1149; x_wconf 89' lang='lat' dir='ltr'><strong>medium</strong></span> <span class='ocrx_word' id='word_1_49' title='bbox 607 1083 688 1149; x_wconf 89' lang='lat' dir='ltr'><strong>satis</strong></span> <span class='ocrx_word' id='word_1_50' title='bbox 711 1083 828 1148; x_wconf 87' lang='lat' dir='ltr'><strong>habeo.</strong></span> <span class='ocrx_word' id='word_1_51' title='bbox 865 1082 913 1147; x_wconf 88' lang='lat' dir='ltr'><strong>Ac</strong></span> <span class='ocrx_word' id='word_1_52' title='bbox 935 1081 1073 1163; x_wconf 90' lang='lat' dir='ltr'><strong>primum</strong></span> <span class='ocrx_word' id='word_1_53' title='bbox 1091 1083 1221 1164; x_wconf 85' lang='lat' dir='ltr'><strong>quidem</strong></span> <span class='ocrx_word' id='word_1_54' title='bbox 1237 1084 1268 1160; x_wconf 79' lang='lat'><strong>2,</strong></span> <span class='ocrx_word' id='word_1_55' title='bbox 1286 1085 1306 1148; x_wconf 88' lang='grc'><strong>6</strong></span> <span class='ocrx_word' id='word_1_56' title='bbox 1322 1084 1416 1166; x_wconf 82' lang='lat' dir='ltr'><strong>vulgo</strong></span> 
     </span>
     <span class='ocr_line' id='line_1_8' title="bbox 245 1196 1507 1284; baseline 0 -19"><span class='ocrx_word' id='word_1_57' title='bbox 245 1201 380 1283; x_wconf 72' lang='lat' dir='ltr'><strong>legitur:</strong></span> <span class='ocrx_word' id='word_1_58' title='bbox 404 1197 520 1283; x_wconf 74' lang='grc' dir='ltr'><strong>ὕβριζε,</strong></span> <span class='ocrx_word' id='word_1_59' title='bbox 542 1198 647 1284; x_wconf 71' lang='grc' dir='ltr'><strong><em>ὕβριζε</em></strong></span> <span class='ocrx_word' id='word_1_60' title='bbox 672 1198 801 1274; x_wconf 73' lang='grc' dir='ltr'><strong>ἑαυτὴν,</strong></span> <span class='ocrx_word' id='word_1_61' title='bbox 825 1196 849 1261; x_wconf 80' lang='grc' dir='ltr'><em>ὦ</em></span> <span class='ocrx_word' id='word_1_62' title='bbox 871 1198 967 1281; x_wconf 74' lang='grc' dir='ltr'><em>ψυχή·</em></span> <span class='ocrx_word' id='word_1_63' title='bbox 990 1205 1053 1261; x_wconf 80' lang='grc' dir='ltr'><strong>τοῦ</strong></span> <span class='ocrx_word' id='word_1_64' title='bbox 1073 1198 1259 1282; x_wconf 67' lang='grc' dir='ltr'><strong><em>δὲ’τνμῇσαι</em></strong></span> <span class='ocrx_word' id='word_1_65' title='bbox 1276 1202 1418 1276; x_wconf 78' lang='grc' dir='ltr'><strong><em>σεαυτὴν</em></strong></span> <span class='ocrx_word' id='word_1_66' title='bbox 1505 1251 1507 1253; x_wconf 85' lang='grc'>-</span> 
     </span>
     <span class='ocr_line' id='line_1_9' title="bbox 248 1302 1420 1399; baseline 0.001 -21"><span class='ocrx_word' id='word_1_67' title='bbox 248 1314 356 1378; x_wconf 72' lang='grc' dir='ltr'><strong><em>οὐκέτι</em></strong></span> <span class='ocrx_word' id='word_1_68' title='bbox 376 1312 598 1399; x_wconf 56' lang='lat' dir='ltr'><strong>assperitat-</strong></span> <span class='ocrx_word' id='word_1_69' title='bbox 620 1302 664 1376; x_wconf 76' lang='grc' dir='ltr'><strong>εὖ</strong></span> <span class='ocrx_word' id='word_1_70' title='bbox 685 1310 747 1396; x_wconf 74' lang='grc' dir='ltr'><strong>γὰρ</strong></span> <span class='ocrx_word' id='word_1_71' title='bbox 769 1311 867 1393; x_wconf 82' lang='grc' dir='ltr'><strong><em>ὁβίος</em></strong></span> <span class='ocrx_word' id='word_1_72' title='bbox 883 1312 1021 1395; x_wconf 73' lang='grc' dir='ltr'><strong>ἑκάστῳ.</strong></span> <span class='ocrx_word' id='word_1_73' title='bbox 1059 1311 1129 1376; x_wconf 85' lang='grc' dir='ltr'><strong>Ηοο</strong></span> <span class='ocrx_word' id='word_1_74' title='bbox 1147 1330 1278 1380; x_wconf 87' lang='lat' dir='ltr'><strong>sensum</strong></span> <span class='ocrx_word' id='word_1_75' title='bbox 1294 1322 1420 1381; x_wconf 89' lang='lat' dir='ltr'><strong>rectum</strong></span> 
     </span>
     <span class='ocr_line' id='line_1_10' title="bbox 248 1424 1420 1514; baseline 0.001 -20"><span class='ocrx_word' id='word_1_76' title='bbox 248 1448 313 1495; x_wconf 90' lang='lat' dir='ltr'><strong>non</strong></span> <span class='ocrx_word' id='word_1_77' title='bbox 335 1429 445 1493; x_wconf 88' lang='lat' dir='ltr'><strong>habet.</strong></span> <span class='ocrx_word' id='word_1_78' title='bbox 481 1428 598 1508; x_wconf 88' lang='lat' dir='ltr'><strong>Itaque</strong></span> <span class='ocrx_word' id='word_1_79' title='bbox 620 1444 692 1491; x_wconf 92' lang='lat' dir='ltr'><strong>cum</strong></span> <span class='ocrx_word' id='word_1_80' title='bbox 716 1426 750 1491; x_wconf 87' lang='lat' dir='ltr'><strong>in</strong></span> <span class='ocrx_word' id='word_1_81' title='bbox 765 1424 797 1489; x_wconf 86' lang='lat' dir='ltr'><strong><em>A</em></strong></span> <span class='ocrx_word' id='word_1_82' title='bbox 820 1426 1018 1507; x_wconf 89' lang='lat' dir='ltr'><strong>reperissem</strong></span> <span class='ocrx_word' id='word_1_83' title='bbox 1042 1430 1166 1514; x_wconf 53' lang='grc' dir='ltr'><strong><em>οὐρίῳ</em></strong></span> <span class='ocrx_word' id='word_1_84' title='bbox 1189 1430 1256 1505; x_wconf 76' lang='grc' dir='ltr'><strong>ντί,</strong></span> <span class='ocrx_word' id='word_1_85' title='bbox 1281 1430 1420 1511; x_wconf 84' lang='lat' dir='ltr'><strong>cogitavi</strong></span> 
     </span>
     <span class='ocr_line' id='line_1_11' title="bbox 248 1542 1421 1629; baseline 0.002 -20"><span class='ocrx_word' id='word_1_86' title='bbox 248 1552 323 1627; x_wconf 89' lang='lat' dir='ltr'><strong>post</strong></span> <span class='ocrx_word' id='word_1_87' title='bbox 345 1543 472 1628; x_wconf 69' lang='grc' dir='ltr'>ἑκάστῳ</span> <span class='ocrx_word' id='word_1_88' title='bbox 496 1542 655 1608; x_wconf 75' lang='lat' dir='ltr'>excidisse</span> <span class='ocrx_word' id='word_1_89' title='bbox 677 1544 769 1629; x_wconf 69' lang='grc' dir='ltr'><strong><em>ἀρκεῖ</em></strong></span> <span class='ocrx_word' id='word_1_90' title='bbox 792 1542 844 1607; x_wconf 88' lang='lat' dir='ltr'><strong>vel</strong></span> <span class='ocrx_word' id='word_1_91' title='bbox 868 1543 957 1607; x_wconf 92' lang='lat' dir='ltr'><strong>aliud</strong></span> <span class='ocrx_word' id='word_1_92' title='bbox 982 1543 1141 1608; x_wconf 89' lang='lat' dir='ltr'><strong>eiusmodi</strong></span> <span class='ocrx_word' id='word_1_93' title='bbox 1164 1546 1340 1628; x_wconf 79' lang='lat' dir='ltr'><strong>verbum.2)</strong></span> <span class='ocrx_word' id='word_1_94' title='bbox 1379 1546 1421 1612; x_wconf 85' lang='lat' dir='ltr'><strong>At</strong></span> 
     </span>
     <span class='ocr_line' id='line_1_12' title="bbox 248 1654 1420 1742; baseline 0.002 -18"><span class='ocrx_word' id='word_1_95' title='bbox 248 1658 284 1724; x_wconf 90' lang='lat' dir='ltr'><em>D</em></span> <span class='ocrx_word' id='word_1_96' title='bbox 313 1659 464 1742; x_wconf 85' lang='lat' dir='ltr'><strong>praebet:</strong></span> <span class='ocrx_word' id='word_1_97' title='bbox 499 1659 620 1742; x_wconf 78' lang='grc' dir='ltr'><strong><em>βραχὺς</em></strong></span> <span class='ocrx_word' id='word_1_98' title='bbox 652 1657 716 1740; x_wconf 72' lang='grc' dir='ltr'><strong>γὰρ</strong></span> <span class='ocrx_word' id='word_1_99' title='bbox 748 1659 765 1719; x_wconf 86' lang='grc' dir='ltr'>ὁ</span> <span class='ocrx_word' id='word_1_100' title='bbox 794 1654 862 1739; x_wconf 77' lang='grc' dir='ltr'><strong><em>βίος</em></strong></span> <span class='ocrx_word' id='word_1_101' title='bbox 890 1657 1027 1741; x_wconf 63' lang='grc' dir='ltr'><em>ἑκάστῳ.</em></span> <span class='ocrx_word' id='word_1_102' title='bbox 1064 1659 1150 1740; x_wconf 89' lang='lat' dir='ltr'><strong>quod</strong></span> <span class='ocrx_word' id='word_1_103' title='bbox 1178 1660 1317 1726; x_wconf 88' lang='lat' dir='ltr'><strong>coniecit</strong></span> <span class='ocrx_word' id='word_1_104' title='bbox 1339 1662 1420 1726; x_wconf 91' lang='lat' dir='ltr'><strong>olim</strong></span> 
     </span>
     <span class='ocr_line' id='line_1_13' title="bbox 248 1769 1421 1858; baseline -0.002 -16"><span class='ocrx_word' id='word_1_105' title='bbox 248 1775 427 1842; x_wconf 80' lang='lat' dir='ltr'><strong>Salmasius</strong></span> <span class='ocrx_word' id='word_1_106' title='bbox 450 1772 506 1858; x_wconf 43' lang='lat' dir='ltr'><strong>(cfr</strong></span> <span class='ocrx_word' id='word_1_107' title='bbox 523 1770 660 1838; x_wconf 88' lang='lat' dir='ltr'><strong>Sch..ad</strong></span> <span class='ocrx_word' id='word_1_108' title='bbox 674 1771 705 1846; x_wconf 78' lang='grc'><strong>2,</strong></span> <span class='ocrx_word' id='word_1_109' title='bbox 724 1769 770 1852; x_wconf 74' lang='grc'><strong>6),</strong></span> <span class='ocrx_word' id='word_1_110' title='bbox 795 1789 858 1852; x_wconf 90' lang='lat' dir='ltr'><strong>quo</strong></span> <span class='ocrx_word' id='word_1_111' title='bbox 875 1789 990 1837; x_wconf 87' lang='lat' dir='ltr'><strong>seusus</strong></span> <span class='ocrx_word' id='word_1_112' title='bbox 1007 1790 1105 1838; x_wconf 84' lang='lat' dir='ltr'><strong>sunus</strong></span> <span class='ocrx_word' id='word_1_113' title='bbox 1122 1772 1273 1840; x_wconf 86' lang='lat' dir='ltr'><strong>efficitur.</strong></span> <span class='ocrx_word' id='word_1_114' title='bbox 1304 1776 1421 1858; x_wconf 84' lang='lat' dir='ltr'><strong>Neque</strong></span> 
     </span>
     <span class='ocr_line' id='line_1_14' title="bbox 249 1879 1422 1973; baseline -0.001 -17"><span class='ocrx_word' id='word_1_115' title='bbox 249 1899 369 1967; x_wconf 88' lang='lat' dir='ltr'><strong>tamen,</strong></span> <span class='ocrx_word' id='word_1_116' title='bbox 394 1907 465 1954; x_wconf 92' lang='lat' dir='ltr'><strong>cum</strong></span> <span class='ocrx_word' id='word_1_117' title='bbox 489 1889 537 1954; x_wconf 90' lang='lat' dir='ltr'><strong>sic</strong></span> <span class='ocrx_word' id='word_1_118' title='bbox 551 1888 679 1969; x_wconf 84' lang='lat' dir='ltr'><strong>legatur</strong></span> <span class='ocrx_word' id='word_1_119' title='bbox 695 1886 729 1950; x_wconf 91' lang='lat' dir='ltr'><strong>in</strong></span> <span class='ocrx_word' id='word_1_120' title='bbox 741 1883 787 1963; x_wconf 91' lang='lat' dir='ltr'><strong>D,</strong></span> <span class='ocrx_word' id='word_1_121' title='bbox 812 1879 936 1952; x_wconf 85' lang='lat' dir='ltr'><strong>certum</strong></span> <span class='ocrx_word' id='word_1_122' title='bbox 953 1889 1104 1954; x_wconf 89' lang='lat' dir='ltr'><strong>continuo</strong></span> <span class='ocrx_word' id='word_1_123' title='bbox 1122 1896 1173 1954; x_wconf 89' lang='lat' dir='ltr'><strong>est</strong></span> <span class='ocrx_word' id='word_1_124' title='bbox 1187 1890 1234 1955; x_wconf 88' lang='lat' dir='ltr'><strong>sic</strong></span> <span class='ocrx_word' id='word_1_125' title='bbox 1250 1891 1422 1973; x_wconf 77' lang='lat' dir='ltr'><strong>scripsisse</strong></span> 
     </span>
     <span class='ocr_line' id='line_1_15' title="bbox 251 2001 1421 2087; baseline 0 -16"><span class='ocrx_word' id='word_1_126' title='bbox 251 2007 464 2071; x_wconf 81' lang='lat' dir='ltr'><strong>Antoninum:</strong></span> <span class='ocrx_word' id='word_1_127' title='bbox 476 2004 589 2078; x_wconf 83' lang='lat' dir='ltr'><strong>immo</strong></span> <span class='ocrx_word' id='word_1_128' title='bbox 609 2003 665 2085; x_wconf 87' lang='lat' dir='ltr'><strong>qui</strong></span> <span class='ocrx_word' id='word_1_129' title='bbox 687 2002 832 2068; x_wconf 75' lang='lat' dir='ltr'><strong>codicem</strong></span> <span class='ocrx_word' id='word_1_130' title='bbox 847 2001 883 2065; x_wconf 91' lang='lat' dir='ltr'><em>D</em></span> <span class='ocrx_word' id='word_1_131' title='bbox 900 2005 1103 2087; x_wconf 87' lang='lat' dir='ltr'><strong>conscripsit,</strong></span> <span class='ocrx_word' id='word_1_132' title='bbox 1128 2012 1164 2071; x_wconf 86' lang='lat' dir='ltr'><strong>ut</strong></span> <span class='ocrx_word' id='word_1_133' title='bbox 1180 2014 1252 2071; x_wconf 84' lang='lat' dir='ltr'><strong>erat</strong></span> <span class='ocrx_word' id='word_1_134' title='bbox 1267 2007 1421 2072; x_wconf 85' lang='lat' dir='ltr'><strong>librarius</strong></span> 
     </span>
     <span class='ocr_line' id='line_1_16' title="bbox 249 2118 1418 2208; baseline -0.002 -22"><span class='ocrx_word' id='word_1_135' title='bbox 249 2123 359 2204; x_wconf 89' lang='lat' dir='ltr'><strong>paullo</strong></span> <span class='ocrx_word' id='word_1_136' title='bbox 376 2120 543 2197; x_wconf 79' lang='lat' dir='ltr'><strong>eruditior,</strong></span> <span class='ocrx_word' id='word_1_137' title='bbox 561 2119 647 2184; x_wconf 89' lang='lat' dir='ltr'><strong>haud</strong></span> <span class='ocrx_word' id='word_1_138' title='bbox 662 2119 731 2183; x_wconf 87' lang='lat' dir='ltr'><strong>scio</strong></span> <span class='ocrx_word' id='word_1_139' title='bbox 748 2137 789 2183; x_wconf 89' lang='lat' dir='ltr'><strong>an</strong></span> <span class='ocrx_word' id='word_1_140' title='bbox 806 2137 865 2183; x_wconf 87' lang='lat' dir='ltr'><strong>suo</strong></span> <span class='ocrx_word' id='word_1_141' title='bbox 877 2118 986 2186; x_wconf 87' lang='lat' dir='ltr'><strong>Marte</strong></span> <span class='ocrx_word' id='word_1_142' title='bbox 1001 2120 1178 2186; x_wconf 89' lang='lat' dir='ltr'><strong>coniecerit</strong></span> <span class='ocrx_word' id='word_1_143' title='bbox 1192 2121 1272 2186; x_wconf 91' lang='lat' dir='ltr'><strong>illud</strong></span> <span class='ocrx_word' id='word_1_144' title='bbox 1287 2125 1418 2208; x_wconf 78' lang='grc' dir='ltr'><strong><em>βραχύς.</em></strong></span> 
     </span>
    </p>

    <p class='ocr_par' dir='ltr' id='par_1_4' title="bbox 251 2234 1461 2668">
     <span class='ocr_line' id='line_1_17' title="bbox 339 2234 1422 2302; baseline -0.001 0"><span class='ocrx_word' id='word_1_145' title='bbox 339 2237 420 2302; x_wconf 77' lang='lat' dir='ltr'><strong>Cum</strong></span> <span class='ocrx_word' id='word_1_146' title='bbox 449 2244 558 2301; x_wconf 88' lang='lat' dir='ltr'><strong>sutem</strong></span> <span class='ocrx_word' id='word_1_147' title='bbox 588 2235 646 2299; x_wconf 87' lang='lat' dir='ltr'><strong>illa</strong></span> <span class='ocrx_word' id='word_1_148' title='bbox 667 2234 819 2300; x_wconf 49' lang='lat' dir='ltr'><strong>¹*lectione</strong></span> <span class='ocrx_word' id='word_1_149' title='bbox 853 2234 984 2299; x_wconf 87' lang='lat' dir='ltr'><strong>inventa</strong></span> <span class='ocrx_word' id='word_1_150' title='bbox 1018 2234 1051 2300; x_wconf 92' lang='lat' dir='ltr'><strong>in</strong></span> <span class='ocrx_word' id='word_1_151' title='bbox 1086 2236 1214 2301; x_wconf 89' lang='lat' dir='ltr'><strong>irritum</strong></span> <span class='ocrx_word' id='word_1_152' title='bbox 1250 2237 1422 2302; x_wconf 88' lang='lat' dir='ltr'><strong>cecidisset</strong></span> 
     </span>
     <span class='ocr_line' id='line_1_18' title="bbox 251 2350 1423 2432; baseline -0.001 -14"><span class='ocrx_word' id='word_1_153' title='bbox 251 2352 438 2418; x_wconf 88' lang='lat' dir='ltr'><strong>coniectura</strong></span> <span class='ocrx_word' id='word_1_154' title='bbox 461 2369 543 2426; x_wconf 87' lang='lat' dir='ltr'><strong>mea,</strong></span> <span class='ocrx_word' id='word_1_155' title='bbox 575 2350 678 2415; x_wconf 90' lang='lat' dir='ltr'><strong>altero</strong></span> <span class='ocrx_word' id='word_1_156' title='bbox 702 2350 773 2414; x_wconf 91' lang='lat' dir='ltr'><strong>loco</strong></span> <span class='ocrx_word' id='word_1_157' title='bbox 796 2350 875 2418; x_wconf 85' lang='lat' dir='ltr'><strong>mihi</strong></span> <span class='ocrx_word' id='word_1_158' title='bbox 900 2351 1043 2432; x_wconf 85' lang='lat' dir='ltr'><strong>contigit,</strong></span> <span class='ocrx_word' id='word_1_159' title='bbox 1073 2358 1110 2417; x_wconf 94' lang='lat' dir='ltr'><strong>ut</strong></span> <span class='ocrx_word' id='word_1_160' title='bbox 1131 2369 1237 2416; x_wconf 88' lang='lat' dir='ltr'><strong>meam</strong></span> <span class='ocrx_word' id='word_1_161' title='bbox 1261 2352 1423 2417; x_wconf 87' lang='lat' dir='ltr'><strong>coniectu-</strong></span> 
     </span>
     <span class='ocr_line' id='line_1_19' title="bbox 252 2466 1420 2550; baseline 0.003 -18"><span class='ocrx_word' id='word_1_162' title='bbox 252 2488 324 2533; x_wconf 91' lang='lat' dir='ltr'><strong>ram</strong></span> <span class='ocrx_word' id='word_1_163' title='bbox 352 2468 495 2534; x_wconf 85' lang='lat' dir='ltr'><strong>viderem</strong></span> <span class='ocrx_word' id='word_1_164' title='bbox 524 2466 740 2549; x_wconf 73' lang='lat' dir='ltr'><strong>perscriptam</strong></span> <span class='ocrx_word' id='word_1_165' title='bbox 770 2467 804 2530; x_wconf 91' lang='lat' dir='ltr'><strong>in</strong></span> <span class='ocrx_word' id='word_1_166' title='bbox 834 2466 945 2530; x_wconf 91' lang='lat' dir='ltr'><strong>codice</strong></span> <span class='ocrx_word' id='word_1_167' title='bbox 974 2468 1206 2550; x_wconf 89' lang='lat' dir='ltr'><strong>manuscripto.</strong></span> <span class='ocrx_word' id='word_1_168' title='bbox 1256 2469 1287 2544; x_wconf 87' lang='grc'><strong>3,</strong></span> <span class='ocrx_word' id='word_1_169' title='bbox 1316 2469 1336 2533; x_wconf 82' lang='grc'><strong>3</strong></span> <span class='ocrx_word' id='word_1_170' title='bbox 1364 2468 1420 2536; x_wconf 90' lang='lat' dir='ltr'><strong>fin.</strong></span> 
     </span>
     <span class='ocr_line' id='line_1_20' title="bbox 251 2574 1461 2668; baseline -0.003 -20"><span class='ocrx_word' id='word_1_171' title='bbox 251 2585 345 2666; x_wconf 84' lang='lat' dir='ltr'><strong>vulgo</strong></span> <span class='ocrx_word' id='word_1_172' title='bbox 373 2582 507 2664; x_wconf 78' lang='lat' dir='ltr'><strong>legitur:</strong></span> <span class='ocrx_word' id='word_1_173' title='bbox 541 2584 651 2668; x_wconf 67' lang='grc' dir='ltr'><strong><em>παύσῃ</em></strong></span> <span class='ocrx_word' id='word_1_174' title='bbox 680 2581 790 2644; x_wconf 85' lang='grc' dir='ltr'><strong><em>πόνων</em></strong></span> <span class='ocrx_word' id='word_1_175' title='bbox 811 2581 867 2641; x_wconf 83' lang='grc' dir='ltr'><strong>καὶ</strong></span> <span class='ocrx_word' id='word_1_176' title='bbox 895 2582 1017 2656; x_wconf 79' lang='grc' dir='ltr'><strong><em>ἡδονῶν</em></strong></span> <span class='ocrx_word' id='word_1_177' title='bbox 1046 2574 1251 2667; x_wconf 75' lang='grc' dir='ltr'><strong><em>ἀνεχόμενος,</em></strong></span> <span class='ocrx_word' id='word_1_178' title='bbox 1281 2584 1336 2645; x_wconf 82' lang='grc' dir='ltr'><strong>καί</strong></span> <span class='ocrx_word' id='word_1_179' title='bbox 1364 2586 1422 2645; x_wconf 85' lang='grc' dir='ltr'><strong>λα·</strong></span> <span class='ocrx_word' id='word_1_180' title='bbox 1453 2649 1461 2665; x_wconf 75' lang='lat'><strong>.</strong></span> 
     </span>
    </p>
   </div>
   <div class='ocr_carea' id='block_1_3' title="bbox 251 2692 1421 2783">
    <p class='ocr_par' dir='ltr' id='par_1_5' title="bbox 251 2692 1421 2783">
     <span class='ocr_line' id='line_1_21' title="bbox 251 2692 1421 2783; baseline -0.003 -22"><span class='ocrx_word' id='word_1_181' title='bbox 251 2698 375 2783; x_wconf 80' lang='grc' dir='ltr'><strong><em>τρεύων</em></strong></span> <span class='ocrx_word' id='word_1_182' title='bbox 388 2699 537 2781; x_wconf 80' lang='grc' dir='ltr'><strong><em>τοσούτῳ</em></strong></span> <span class='ocrx_word' id='word_1_183' title='bbox 551 2694 675 2781; x_wconf 82' lang='grc' dir='ltr'><strong><em>χείρονι</em></strong></span> <span class='ocrx_word' id='word_1_184' title='bbox 688 2703 735 2777; x_wconf 74' lang='grc' dir='ltr'><strong>τῷ</strong></span> <span class='ocrx_word' id='word_1_185' title='bbox 750 2692 871 2778; x_wconf 75' lang='grc' dir='ltr'><strong><em>ἀγγείῳ</em></strong></span> <span class='ocrx_word' id='word_1_186' title='bbox 882 2692 900 2769; x_wconf 74' lang='grc' dir='ltr'><strong><em>ἦ</em></strong></span> <span class='ocrx_word' id='word_1_187' title='bbox 911 2720 935 2756; x_wconf 88' lang='grc' dir='ltr'><strong>π</strong></span> <span class='ocrx_word' id='word_1_188' title='bbox 946 2698 1100 2780; x_wconf 83' lang='grc' dir='ltr'><strong><em>ερίεστι</em></strong></span> <span class='ocrx_word' id='word_1_189' title='bbox 1116 2696 1162 2760; x_wconf 89' lang='grc' dir='ltr'><strong>τὸ</strong></span> <span class='ocrx_word' id='word_1_190' title='bbox 1178 2700 1421 2777; x_wconf 76' lang='grc' dir='ltr'><strong><em>ὑπηρετοῦν·</em></strong></span> 
     </span>
    </p>
   </div>
   <div class='ocr_carea' id='block_1_4' title="bbox 252 2794 1423 2897">
    <p class='ocr_par' dir='ltr' id='par_1_6' title="bbox 252 2794 1423 2897">
     <span class='ocr_line' id='line_1_22' title="bbox 252 2794 1423 2897; baseline 0.002 -23"><span class='ocrx_word' id='word_1_191' title='bbox 252 2812 292 2874; x_wconf 84' lang='grc' dir='ltr'><strong>τὸ</strong></span> <span class='ocrx_word' id='word_1_192' title='bbox 314 2811 371 2896; x_wconf 80' lang='grc' dir='ltr'><strong>μὲν</strong></span> <span class='ocrx_word' id='word_1_193' title='bbox 393 2811 454 2897; x_wconf 75' lang='grc' dir='ltr'><strong>γὰρ</strong></span> <span class='ocrx_word' id='word_1_194' title='bbox 477 2820 549 2886; x_wconf 81' lang='grc' dir='ltr'><strong><em>νοῦς</em></strong></span> <span class='ocrx_word' id='word_1_195' title='bbox 572 2809 626 2872; x_wconf 81' lang='grc' dir='ltr'><strong>καὶ</strong></span> <span class='ocrx_word' id='word_1_196' title='bbox 649 2809 781 2891; x_wconf 80' lang='grc' dir='ltr'><strong>δαίμων,</strong></span> <span class='ocrx_word' id='word_1_197' title='bbox 811 2811 851 2869; x_wconf 87' lang='grc' dir='ltr'><strong>τὸ</strong></span> <span class='ocrx_word' id='word_1_198' title='bbox 879 2808 913 2870; x_wconf 79' lang='grc' dir='ltr'><strong>δὲ</strong></span> <span class='ocrx_word' id='word_1_199' title='bbox 940 2819 981 2892; x_wconf 80' lang='grc' dir='ltr'><strong>γῆ</strong></span> <span class='ocrx_word' id='word_1_200' title='bbox 1006 2807 1062 2871; x_wconf 84' lang='grc' dir='ltr'><strong>καί</strong></span> <span class='ocrx_word' id='word_1_201' title='bbox 1093 2812 1220 2895; x_wconf 59' lang='lat' dir='ltr'><strong>saepae</strong></span> <span class='ocrx_word' id='word_1_202' title='bbox 1266 2811 1373 2876; x_wconf 85' lang='lat' dir='ltr'><strong>Verba</strong></span> <span class='ocrx_word' id='word_1_203' title='bbox 1405 2794 1423 2883; x_wconf 67' lang='grc' dir='ltr'><strong><em>ἦ</em></strong></span> 
     </span>
    </p>
   </div>
   <div class='ocr_carea' id='block_1_5' title="bbox 252 2924 1422 3935">
    <p class='ocr_par' dir='ltr' id='par_1_7' title="bbox 252 2924 1422 3935">
     <span class='ocr_line' id='line_1_23' title="bbox 252 2924 1420 3011; baseline 0.003 -24"><span class='ocrx_word' id='word_1_204' title='bbox 252 2927 401 3011; x_wconf 77' lang='grc' dir='ltr'><strong><em>περίεστι</em></strong></span> <span class='ocrx_word' id='word_1_205' title='bbox 423 2925 464 2987; x_wconf 82' lang='grc' dir='ltr'><strong>τὸ</strong></span> <span class='ocrx_word' id='word_1_206' title='bbox 486 2926 669 3008; x_wconf 73' lang='grc' dir='ltr'><strong><em>ὑπηρετοῦν</em></strong></span> <span class='ocrx_word' id='word_1_207' title='bbox 693 2939 765 2986; x_wconf 89' lang='lat' dir='ltr'><strong>cum</strong></span> <span class='ocrx_word' id='word_1_208' title='bbox 788 2939 887 3006; x_wconf 77' lang='lat' dir='ltr'><strong>sensu</strong></span> <span class='ocrx_word' id='word_1_209' title='bbox 911 2930 1073 2999; x_wconf 88' lang='lat' dir='ltr'><strong>carerent,</strong></span> <span class='ocrx_word' id='word_1_210' title='bbox 1101 2924 1185 2989; x_wconf 87' lang='lat' dir='ltr'><strong>alius</strong></span> <span class='ocrx_word' id='word_1_211' title='bbox 1213 2925 1279 2991; x_wconf 89' lang='lat' dir='ltr'><strong>alia</strong></span> <span class='ocrx_word' id='word_1_212' title='bbox 1308 2944 1420 3008; x_wconf 81' lang='lat' dir='ltr'><strong>aggre-</strong></span> 
     </span>
     <span class='ocr_line' id='line_1_24' title="bbox 252 3037 1422 3122; baseline 0.003 -18"><span class='ocrx_word' id='word_1_213' title='bbox 252 3039 402 3104; x_wconf 87' lang='lat' dir='ltr'><strong>diebatur</strong></span> <span class='ocrx_word' id='word_1_214' title='bbox 426 3037 623 3114; x_wconf 79' lang='lat' dir='ltr'><strong>coniectura,</strong></span> <span class='ocrx_word' id='word_1_215' title='bbox 650 3056 709 3120; x_wconf 80' lang='lat' dir='ltr'><strong>ego</strong></span> <span class='ocrx_word' id='word_1_216' title='bbox 735 3037 813 3122; x_wconf 82' lang='grc'>(1.1.</span> <span class='ocrx_word' id='word_1_217' title='bbox 834 3054 866 3119; x_wconf 91' lang='lat' dir='ltr'><strong>p.</strong></span> <span class='ocrx_word' id='word_1_218' title='bbox 890 3039 966 3120; x_wconf 79' lang='lat'>176)</span> <span class='ocrx_word' id='word_1_219' title='bbox 990 3038 1175 3105; x_wconf 84' lang='lat' dir='ltr'><strong>facillimam</strong></span> <span class='ocrx_word' id='word_1_220' title='bbox 1193 3043 1333 3108; x_wconf 90' lang='lat' dir='ltr'><strong>omnium</strong></span> <span class='ocrx_word' id='word_1_221' title='bbox 1350 3059 1422 3108; x_wconf 88' lang='lat' dir='ltr'><strong>csse</strong></span> 
     </span>
     <span class='ocr_line' id='line_1_25' title="bbox 252 3152 1422 3240; baseline 0.005 -22"><span class='ocrx_word' id='word_1_222' title='bbox 252 3153 364 3238; x_wconf 89' lang='lat' dir='ltr'><strong>putavi</strong></span> <span class='ocrx_word' id='word_1_223' title='bbox 393 3153 471 3240; x_wconf 74' lang='grc' dir='ltr'><strong><em>ἥπερ</em></strong></span> <span class='ocrx_word' id='word_1_224' title='bbox 495 3152 568 3216; x_wconf 80' lang='grc' dir='ltr'><em>ἐστὶ</em></span> <span class='ocrx_word' id='word_1_225' title='bbox 591 3156 631 3217; x_wconf 80' lang='grc' dir='ltr'><strong>τὸ</strong></span> <span class='ocrx_word' id='word_1_226' title='bbox 653 3157 849 3239; x_wconf 78' lang='grc' dir='ltr'><strong><em>ὑπηρετοῦν,</em></strong></span> <span class='ocrx_word' id='word_1_227' title='bbox 880 3153 922 3217; x_wconf 89' lang='lat' dir='ltr'><strong>ad</strong></span> <span class='ocrx_word' id='word_1_228' title='bbox 952 3173 1048 3236; x_wconf 91' lang='lat' dir='ltr'><strong>quam</strong></span> <span class='ocrx_word' id='word_1_229' title='bbox 1079 3156 1307 3238; x_wconf 87' lang='lat' dir='ltr'><strong>reperiendam</strong></span> <span class='ocrx_word' id='word_1_230' title='bbox 1330 3160 1422 3224; x_wconf 89' lang='lat' dir='ltr'><strong>Davo</strong></span> 
     </span>
     <span class='ocr_line' id='line_1_26' title="bbox 253 3269 1421 3352; baseline 0 -15"><span class='ocrx_word' id='word_1_231' title='bbox 253 3271 378 3337; x_wconf 89' lang='lat' dir='ltr'><strong>scilicet</strong></span> <span class='ocrx_word' id='word_1_232' title='bbox 405 3287 486 3351; x_wconf 89' lang='lat' dir='ltr'><strong>opus</strong></span> <span class='ocrx_word' id='word_1_233' title='bbox 514 3276 586 3335; x_wconf 87' lang='lat' dir='ltr'><strong>erat</strong></span> <span class='ocrx_word' id='word_1_234' title='bbox 614 3289 680 3340; x_wconf 79' lang='lat' dir='ltr'><strong>uun</strong></span> <span class='ocrx_word' id='word_1_235' title='bbox 704 3269 841 3352; x_wconf 88' lang='lat' dir='ltr'><strong>Oedipo.</strong></span> <span class='ocrx_word' id='word_1_236' title='bbox 889 3271 1004 3336; x_wconf 83' lang='lat' dir='ltr'><strong>Evolvi</strong></span> <span class='ocrx_word' id='word_1_237' title='bbox 1033 3271 1176 3336; x_wconf 88' lang='lat' dir='ltr'><strong>codicem</strong></span> <span class='ocrx_word' id='word_1_238' title='bbox 1198 3270 1256 3338; x_wconf 88' lang='lat' dir='ltr'><strong>&#39;D:</strong></span> <span class='ocrx_word' id='word_1_239' title='bbox 1286 3274 1421 3340; x_wconf 88' lang='lat' dir='ltr'><strong>eandem</strong></span> 
     </span>
     <span class='ocr_line' id='line_1_27' title="bbox 254 3385 1422 3470; baseline -0.001 -17"><span class='ocrx_word' id='word_1_240' title='bbox 254 3386 318 3453; x_wconf 91' lang='lat' dir='ltr'><strong>vidi</strong></span> <span class='ocrx_word' id='word_1_241' title='bbox 341 3386 524 3451; x_wconf 88' lang='lat' dir='ltr'><strong>lectionem.</strong></span> <span class='ocrx_word' id='word_1_242' title='bbox 562 3386 685 3452; x_wconf 77' lang='lat' dir='ltr'><strong>Sensus</strong></span> <span class='ocrx_word' id='word_1_243' title='bbox 700 3386 800 3451; x_wconf 88' lang='lat' dir='ltr'><strong>tutius</strong></span> <span class='ocrx_word' id='word_1_244' title='bbox 816 3385 878 3449; x_wconf 93' lang='lat' dir='ltr'><strong>loci</strong></span> <span class='ocrx_word' id='word_1_245' title='bbox 894 3385 958 3450; x_wconf 90' lang='lat' dir='ltr'><strong>iam</strong></span> <span class='ocrx_word' id='word_1_246' title='bbox 974 3386 1028 3451; x_wconf 91' lang='lat' dir='ltr'><strong>hic</strong></span> <span class='ocrx_word' id='word_1_247' title='bbox 1043 3394 1107 3453; x_wconf 88' lang='lat' dir='ltr'><strong>est:</strong></span> <span class='ocrx_word' id='word_1_248' title='bbox 1132 3388 1261 3455; x_wconf 89' lang='lat' dir='ltr'><strong>desines</strong></span> <span class='ocrx_word' id='word_1_249' title='bbox 1278 3390 1422 3470; x_wconf 89' lang='lat' dir='ltr'><strong>volupta-</strong></span> 
     </span>
     <span class='ocr_line' id='line_1_28' title="bbox 253 3501 1422 3598; baseline 0.002 -32"><span class='ocrx_word' id='word_1_250' title='bbox 253 3502 340 3568; x_wconf 84' lang='lat' dir='ltr'><strong>tibus</strong></span> <span class='ocrx_word' id='word_1_251' title='bbox 364 3518 402 3566; x_wconf 87' lang='lat' dir='ltr'><strong>ac</strong></span> <span class='ocrx_word' id='word_1_252' title='bbox 420 3501 593 3567; x_wconf 85' lang='lat' dir='ltr'><strong>doloribus</strong></span> <span class='ocrx_word' id='word_1_253' title='bbox 616 3501 827 3566; x_wconf 84' lang='lat' dir='ltr'><strong>succumbere</strong></span> <span class='ocrx_word' id='word_1_254' title='bbox 852 3508 885 3566; x_wconf 85' lang='lat' dir='ltr'><strong>et</strong></span> <span class='ocrx_word' id='word_1_255' title='bbox 914 3503 1040 3569; x_wconf 85' lang='lat' dir='ltr'><strong>servire</strong></span> <span class='ocrx_word' id='word_1_256' title='bbox 1068 3503 1136 3569; x_wconf 87' lang='lat' dir='ltr'><strong>vasi</strong></span> <span class='ocrx_word' id='word_1_257' title='bbox 1167 3510 1340 3598; x_wconf 84' lang='lat' dir='ltr'><strong>tantopere</strong></span> <span class='ocrx_word' id='word_1_258' title='bbox 1368 3504 1422 3569; x_wconf 80' lang='lat' dir='ltr'><strong>de</strong></span> 
     </span>
     <span class='ocr_line' id='line_1_29' title="bbox 253 3616 1422 3699; baseline 0.004 -18"><span class='ocrx_word' id='word_1_259' title='bbox 253 3617 368 3682; x_wconf 88' lang='lat' dir='ltr'><strong>teriori</strong></span> <span class='ocrx_word' id='word_1_260' title='bbox 391 3635 487 3699; x_wconf 90' lang='lat' dir='ltr'><strong>quam</strong></span> <span class='ocrx_word' id='word_1_261' title='bbox 511 3616 617 3682; x_wconf 90' lang='lat' dir='ltr'><strong>estid</strong></span> <span class='ocrx_word' id='word_1_262' title='bbox 640 3617 726 3699; x_wconf 88' lang='lat' dir='ltr'><strong>quod</strong></span> <span class='ocrx_word' id='word_1_263' title='bbox 749 3618 864 3698; x_wconf 82' lang='lat' dir='ltr'><strong>seruit3</strong></span> <span class='ocrx_word' id='word_1_264' title='bbox 896 3618 958 3683; x_wconf 92' lang='lat' dir='ltr'><strong>hoc</strong></span> <span class='ocrx_word' id='word_1_265' title='bbox 980 3619 1065 3683; x_wconf 88' lang='lat' dir='ltr'><strong>enim</strong></span> <span class='ocrx_word' id='word_1_266' title='bbox 1089 3637 1180 3684; x_wconf 89' lang='lat' dir='ltr'><strong>mens</strong></span> <span class='ocrx_word' id='word_1_267' title='bbox 1209 3627 1243 3685; x_wconf 89' lang='lat' dir='ltr'><strong>et</strong></span> <span class='ocrx_word' id='word_1_268' title='bbox 1269 3620 1422 3698; x_wconf 84' lang='lat' dir='ltr'><strong>divinum,</strong></span> 
     </span>
     <span class='ocr_line' id='line_1_30' title="bbox 253 3725 1360 3799; baseline 0.004 -2"><span class='ocrx_word' id='word_1_269' title='bbox 253 3732 333 3797; x_wconf 88' lang='lat' dir='ltr'><strong>illud</strong></span> <span class='ocrx_word' id='word_1_270' title='bbox 358 3740 465 3798; x_wconf 87' lang='lat' dir='ltr'><strong>autem</strong></span> <span class='ocrx_word' id='word_1_271' title='bbox 487 3740 579 3798; x_wconf 89' lang='lat' dir='ltr'><strong>terra</strong></span> <span class='ocrx_word' id='word_1_272' title='bbox 600 3740 636 3799; x_wconf 90' lang='lat' dir='ltr'><strong>et</strong></span> <span class='ocrx_word' id='word_1_273' title='bbox 658 3734 776 3799; x_wconf 86' lang='lat' dir='ltr'><strong>sanies.</strong></span> <span class='ocrx_word' id='word_1_274' title='bbox 1358 3725 1360 3729; x_wconf 40' lang='lat'><em>⁴</em></span> 
     </span>
     <span class='ocr_line' id='line_1_31' title="bbox 345 3844 1421 3935; baseline 0.002 -23"><span class='ocrx_word' id='word_1_275' title='bbox 345 3848 490 3931; x_wconf 86' lang='lat' dir='ltr'><strong>Apparet</strong></span> <span class='ocrx_word' id='word_1_276' title='bbox 518 3849 617 3930; x_wconf 74' lang='lat' dir='ltr'><strong>igitur</strong></span> <span class='ocrx_word' id='word_1_277' title='bbox 648 3868 687 3913; x_wconf 88' lang='lat' dir='ltr'><strong>ex</strong></span> <span class='ocrx_word' id='word_1_278' title='bbox 717 3850 765 3915; x_wconf 90' lang='lat' dir='ltr'><strong>eis</strong></span> <span class='ocrx_word' id='word_1_279' title='bbox 794 3869 878 3932; x_wconf 89' lang='lat' dir='ltr'><strong>quae</strong></span> <span class='ocrx_word' id='word_1_280' title='bbox 908 3851 948 3915; x_wconf 89' lang='lat' dir='ltr'><strong>de</strong></span> <span class='ocrx_word' id='word_1_281' title='bbox 978 3852 1089 3916; x_wconf 86' lang='lat' dir='ltr'><strong>codice</strong></span> <span class='ocrx_word' id='word_1_282' title='bbox 1110 3844 1153 3914; x_wconf 84' lang='lat' dir='ltr'><strong>&#39;D</strong></span> <span class='ocrx_word' id='word_1_283' title='bbox 1186 3852 1421 3935; x_wconf 81' lang='lat' dir='ltr'><strong>disputavimus</strong></span> 
     </span>
    </p>
   </div>
   <div class='ocr_carea' id='block_1_6' title="bbox 164 3964 1421 4041">
    <p class='ocr_par' dir='ltr' id='par_1_8' title="bbox 164 3964 1421 4041">
     <span class='ocr_line' id='line_1_32' title="bbox 164 3964 1421 4041; baseline -0.001 -12"><span class='ocrx_word' id='word_1_284' title='bbox 164 4023 166 4028; x_wconf 92' lang='lat'><em>.</em></span> <span class='ocrx_word' id='word_1_285' title='bbox 255 3964 469 4029; x_wconf 80' lang='lat' dir='ltr'><strong>suneutilem</strong></span> <span class='ocrx_word' id='word_1_286' title='bbox 494 3981 566 4029; x_wconf 91' lang='lat' dir='ltr'><strong>eum</strong></span> <span class='ocrx_word' id='word_1_287' title='bbox 591 3983 663 4031; x_wconf 88' lang='lat' dir='ltr'><strong>esse</strong></span> <span class='ocrx_word' id='word_1_288' title='bbox 680 3967 721 4031; x_wconf 89' lang='lat' dir='ltr'><strong>ad</strong></span> <span class='ocrx_word' id='word_1_289' title='bbox 735 3967 974 4032; x_wconf 89' lang='lat' dir='ltr'><strong>emendandum</strong></span> <span class='ocrx_word' id='word_1_290' title='bbox 986 3968 1193 4041; x_wconf 81' lang='lat' dir='ltr'><strong>Antoninum,</strong></span> <span class='ocrx_word' id='word_1_291' title='bbox 1218 3986 1297 4030; x_wconf 87' lang='lat' dir='ltr'><strong>cura</strong></span> <span class='ocrx_word' id='word_1_292' title='bbox 1311 3975 1421 4030; x_wconf 88' lang='lat' dir='ltr'><strong>tamen</strong></span> 
     </span>
    </p>
   </div>
   <div class='ocr_carea' id='block_1_7' title="bbox 326 4221 927 4364">
    <p class='ocr_par' dir='ltr' id='par_1_9' title="bbox 326 4221 927 4364">
     <span class='ocr_line' id='line_1_33' title="bbox 328 4221 927 4297; baseline 0.008 -23"><span class='ocrx_word' id='word_1_293' title='bbox 328 4222 348 4289; x_wconf 78' lang='lat'><strong>¹)</strong></span> <span class='ocrx_word' id='word_1_294' title='bbox 367 4238 420 4275; x_wconf 92' lang='lat' dir='ltr'><strong>non</strong></span> <span class='ocrx_word' id='word_1_295' title='bbox 438 4221 548 4297; x_wconf 77' lang='grc' dir='ltr'><strong>λαβεῖν,</strong></span> <span class='ocrx_word' id='word_1_296' title='bbox 566 4223 636 4290; x_wconf 86' lang='lat' dir='ltr'><strong>quod</strong></span> <span class='ocrx_word' id='word_1_297' title='bbox 655 4222 730 4279; x_wconf 81' lang='lat' dir='ltr'><strong>dedit</strong></span> <span class='ocrx_word' id='word_1_298' title='bbox 747 4222 857 4280; x_wconf 84' lang='lat' dir='ltr'><strong>Werfer</strong></span> <span class='ocrx_word' id='word_1_299' title='bbox 875 4223 892 4279; x_wconf 83' lang='lat' dir='ltr'><strong>l</strong></span> <span class='ocrx_word' id='word_1_300' title='bbox 911 4223 927 4279; x_wconf 92' lang='lat' dir='ltr'><strong>l.</strong></span> 
     </span>
     <span class='ocr_line' id='line_1_34' title="bbox 326 4291 708 4364; baseline 0.018 -20"><span class='ocrx_word' id='word_1_301' title='bbox 326 4291 347 4364; x_wconf 75' lang='lat'><strong>⁹)</strong></span> <span class='ocrx_word' id='word_1_302' title='bbox 367 4292 398 4346; x_wconf 86' lang='lat' dir='ltr'><strong>cf.</strong></span> <span class='ocrx_word' id='word_1_303' title='bbox 417 4293 485 4348; x_wconf 87' lang='lat' dir='ltr'><strong>Mus.</strong></span> <span class='ocrx_word' id='word_1_304' title='bbox 503 4294 587 4349; x_wconf 89' lang='lat' dir='ltr'><strong>Rheu.</strong></span> <span class='ocrx_word' id='word_1_305' title='bbox 605 4313 630 4364; x_wconf 90' lang='lat' dir='ltr'><strong>p.</strong></span> <span class='ocrx_word' id='word_1_306' title='bbox 651 4297 708 4354; x_wconf 85' lang='grc'>176.</span> 
     </span>
    </p>
   </div>
   <div class='ocr_carea' id='block_1_8' title="bbox 0 0 1641 4917">
    <p class='ocr_par' dir='ltr' id='par_1_10' title="bbox 0 0 1641 4917">
     <span class='ocr_line' id='line_1_35' title="bbox 0 0 1641 4917; baseline 0 0"><span class='ocrx_word' id='word_1_307' title='bbox 0 0 1641 4917; x_wconf 95' lang='lat' dir='ltr'><strong> </strong></span> 
     </span>
    </p>
   </div>
  </div>
 </body>
</html>
