3250 4917
647 398 692 408 ....
739 360 869 428 13,-

172 556 244 643 ptos
255 557 363 619 αὐτοῦ
374 555 452 621 οὔτε
467 554 580 631 tenear
595 552 672 618 οὔτε
687 555 831 639 βλάπτει
847 556 996 618 duacena
1012 561 1029 631 ἡ
1046 567 1108 621 τοῦ
1122 557 1342 641 συμφέροντυς

173 676 272 757 φύσις
301 674 368 734 uvi.
412 670 559 754 Apparet
585 670 685 751 igitur
707 669 901 752 scriptorem
924 670 1097 735 aberrasse
1123 671 1174 735 bis
1203 672 1341 748 alinea,

174 790 221 854 ita
251 767 287 853 ut
320 787 460 854 duarum
492 787 651 854 linearum
686 785 852 850 dimidiam
886 794 1013 868 partem
1046 788 1243 869 neglegeret,
1279 806 1342 870 quo

173 904 292 970 factum
317 904 468 969 nimirum
492 910 551 979 est,
576 892 612 968 ut
633 902 713 967 illud
736 901 885 964 άκασται
908 886 1104 979 efficeretur,
1134 903 1220 985 quod
1243 921 1340 969 sensu

172 1021 302 1088 omnino
326 1024 428 1086 caret.

119 1219 120 1222 Ἴ
262 1137 344 1202 Sunt
374 1135 428 1201 alii
457 1154 586 1217 queque
620 1135 694 1210 loci,
730 1134 847 1216 quibus
882 1136 1041 1217 probatur
1075 1137 1217 1217 priorem
1251 1137 1341 1201 illam

175 1252 288 1318 ordine
310 1259 437 1335 partem
460 1257 607 1333 tempore
636 1268 763 1333 quoque
792 1269 867 1316 esse
895 1251 1153 1331 antecedentem
1183 1252 1241 1316 sed
1269 1269 1340 1316 cum

176 1374 209 1434 et
231 1387 289 1451 per
310 1386 346 1433 se
369 1368 545 1434 verisimile
567 1367 612 1432 sit
635 1373 668 1432 et
695 1366 742 1431 eis
770 1386 853 1448 quae
877 1367 1070 1449 protulimus
1093 1368 1183 1443 satis
1215 1368 1339 1449 opinor,

174 1485 368 1560 declaretur,
397 1485 439 1549 ad
462 1484 600 1550 alteram
630 1481 767 1548 classem
800 1483 945 1546 codicum
973 1490 1159 1548 nostrorum
1188 1484 1340 1565 progredi

170 1601 204 1666 in
229 1602 338 1666 animo
361 1606 421 1668 est.

174 1759 220 1828 lV.
244 1762 288 1829 lla
312 1755 471 1830 cudlc'nm‘
495 1757 657 1828 Vallonnls
682 1755 767 1833 l-a
790 1755 972 1844 barberino,
1002 1760 1222 1830 laurentianis
1247 1761 1337 1844 1-4,
1362 1815 1368 1826 .

368 1873 540 1944 llurclnnls
566 1873 574 1940 Ι
600 1875 634 1940 et
656 1872 687 1956 2,
710 1869 862 1956 Parisino,
885 1871 1144 1959 enarraturum,

599 1981 782 2055 mnarum
802 1977 917 2057 alteru.
1048 2061 1054 2117 t

260 2127 321 2193 His
353 2128 516 2193 codicibus
548 2128 695 2193 omnibus
727 2128 840 2193 eadem
869 2123 1052 2215 fragmenta
1081 2123 1187 2194 Marci
1219 2129 1340 2193 tradita

171 2249 257 2318 sunt,
290 2249 325 2308 ut
347 2262 445 2306 unam
469 2239 605 2308 classem
630 2242 782 2308 efficiant.
831 2242 895 2308 Sed
920 2262 992 2308 cum
1019 2224 1174 2310 maiorem
1201 2251 1338 2325 partem,
1425 2290 1431 2302 ,

168 2357 349 2420 Vaticanus
377 2357 527 2437 quinque,
555 2359 792 2424 Laurentianos
817 2365 979 2440 quattuor,
1011 2357 1205 2435 Parisinum,
1239 2359 1339 2424 Guel-

171 2469 377 2553 ferbytanum
402 2470 540 2553 denique
562 2473 626 2539 iam
639 2474 714 2541 Sch.
735 2475 931 2557 cognoverit,
956 2481 1110 2556 quattuor
1130 2493 1189 2557 ego
1204 2474 1338 2556 primus,

172 2585 259 2667 quod
280 2577 389 2665 sciam,
414 2594 447 2654 et
462 2588 570 2655 inveni
586 2597 619 2655 et
635 2591 769 2656 contuli:
793 2591 1020 2667 Barbaricum,
1044 2590 1229 2655 Marcianos
1247 2589 1337 2667 duos,

170 2700 414 2769 Monacensem.

178 2815 237 2879 Vl
263 2818 506 2885 :Vaticanus
534 2820 610 2896 953,
645 2821 857 2903 bombycinus
891 2820 1015 2885 formae
1049 2822 1068 2885 8
1101 2821 1233 2886 maioris
1267 2822 1337 2904 (24ε

333 2935 372 2998 13
384 2944 432 3015 ⁰¹⁸3
455 2936 619 3017 margines
632 2939 653 3001 2
665 2937 717 3002 vel
729 2938 749 3000 3
762 2937 825 3019 ⁰¹¹);
849 2953 1002 3000 numerus
1018 2936 1336 3018 linearum18-203

330 3051 458 3132 glossae
481 3051 600 3137 litteris
624 3052 801 3117 minoribus
825 3052 1028 3134 perscriptae
1051 3058 1136 3116 sunt.
1172 3053 1237 3116 245
1260 3051 1338 3117 folia

329 3184 394 3231 una
416 3185 514 3231 manu
538 3167 671 3249 scripta.
698 3186 730 3251 p.
752 3168 873 3250 73-p.
895 3167 938 3232 80
961 3174 994 3233 et
1018 3168 1084 3231 244
1108 3175 1140 3232 et
1163 3168 1228 3232 245
1251 3167 1337 3249 frag-

330 3290 438 3348 menta
453 3282 499 3349 M.
513 3282 669 3348 Antonini
690 3283 877 3348 intermixta
901 3301 972 3347 cum
988 3281 1114 3348 Aeliani
1136 3282 1337 3366 fragmentis,

329 3399 445 3480 quibus
474 3416 507 3481 p.
535 3400 576 3464 73
607 3399 808 3464 inscribitur:
842 3399 963 3483 μάρκου
991 3396 1175 3463 ἀντωνίινου
1207 3401 1238 3460 ἐκ
1270 3407 1337 3461 τῶν

328 3518 407 3576 καθ’
430 3514 542 3577 αὐτόν.
568 3522 655 3583 saec.
683 3515 763 3582 XIII
786 3515 837 3580 vel
860 3515 946 3579 XIV.

177 3627 239 3693 Va
262 3654 307 3681 z
330 3630 506 3696 Vaticanus
534 3632 588 3708 20,
624 3631 732 3697 bomb.
762 3630 887 3695 formae
913 3631 935 3693 4
964 3628 1098 3694 minoris
1131 3628 1189 3710 (24
1206 3648 1213 3691 :
1233 3629 1334 3708 1701113

328 3746 493 3828 margines
513 3748 601 3811 3-4
614 3748 661 3829 σαι)
685 3764 773 3810 num.
792 3745 850 3810 lin.
868 3746 925 3823 273
951 3744 1079 3826 glossae
1100 3743 1219 3808 litteris
1244 3744 1336 3808 mini-

327 3862 388 3927 mis
420 3861 477 3946 (45
500 3861 622 3946 lineae)
651 3862 856 3946 perscriptae
887 3865 972 3925 sunt.
1023 3859 1085 3923 132
1114 3857 1192 3923 folia
1222 3859 1335 3924 eadem

327 3995 427 4042 manu
455 3986 604 4060 exarata,
636 3978 728 4044 initio
759 3976 874 4050 πίναξ,
903 3975 937 4038 in
965 3973 1029 4038 fine
1058 3973 1155 4038 index
1185 3974 1334 4054 Latinum

327 4093 472 4159 eontinet
504 4094 595 4159 varia
625 4094 759 4177 scripta3
791 4111 825 4174 p.
858 4088 989 4155 86-94
1019 4097 1173 4171 excerpta
1200 4088 1245 4153 M.
1271 4089 1335 4154 An-

327 4209 430 4301 topini
459 4216 492 4277 et
519 4209 657 4286 leriam,
688 4209 805 4292 quibus
835 4182 867 4290 ρ’.
898 4207 940 4270 sc
973 4205 1175 4271 inserantur:
1212 4209 1334 4288 papo„

212 4331 215 4336 '
327 4326 510 4392 emortum
532 4328 565 4390 ἐκ
587 4328 750 4392 τῶνκαθ’
773 4321 887 4392 αὐτόν.
912 4340 999 4394 saed.
1024 4321 1103 4390 XIII
1127 4320 1177 4390 vel
1200 4318 1286 4388 XIV.
