3250 4917
746 418 972 482 ...38-

364 589 403 688 5}
431 614 472 678 18
497 614 621 697 πέφυκε
653 611 680 687 ll
712 616 882 696 (ὑπάρχει
902 615 974 689 καὶ)
1007 614 1109 696 φύσιν
1133 612 1201 698 ἔχει
1226 649 1265 661 -
1289 613 1400 698 φέρειν
1423 613 1451 688 ll

270 728 460 812 βαστάζειν·
483 729 658 809 ἀπομένειν
680 760 718 771 -
738 727 900 788 εύσταθιῐ
915 722 942 801 ll
956 728 1109 809 γενναίως
1124 728 1216 811 φέρει
1230 762 1267 773 -
1283 728 1451 803 ἀκοίκοτος

272 843 364 924 μένει
386 839 413 915 ll
437 843 475 902 ού
500 843 677 924 βαρύνεται
707 872 748 885 -
778 835 873 912 ἤτοι
904 841 1033 921 ἀγνοῶν
1064 839 1091 913 ll
1121 835 1205 903 όταν
1235 838 1296 902 ὦσι
1318 839 1378 902 δύο
1402 837 1450 916 (ἢ)

269 954 448 1036 σύνδεσμοι
458 951 676 1028 διαζευκτικοὶ
687 951 721 1014 ἐν
733 951 830 1034 λόγῳ,
842 951 984 1015 δύναται
993 954 1011 1016 ὁ
1020 950 1176 1037 πρότερος
1190 949 1281 1025 ἤτοι
1292 955 1450 1036 λέγεσθαι

258 1065 324 1140 ’καὶ
349 1067 366 1125 ὁ
390 1066 540 1149 δεύτερος
558 1062 585 1138 ἤ.
604 1062 840 1143 ἀντιστρόφως
857 1062 892 1124 δὲ
912 1064 1072 1126 ούδέποτε
1096 1066 1232 1147 λέγεται
1246 1100 1288 1111 -
1306 1065 1398 1126 ε’πιδ
1405 1067 1450 1127 εί-

268 1180 459 1241 κνυσθαι
488 1176 560 1239 ἐστὶ
589 1173 656 1257 (ἔτι
678 1170 762 1256 Vb)
794 1175 836 1236 τὸ
858 1177 1091 1259 παρρησιάζειν
1112 1177 1167 1237 καὶ
1189 1176 1348 1238 δεικνύειν
1370 1180 1449 1240 τινὰ

271 1289 391 1354 ἑαυτόν
417 1326 456 1336 -
481 1291 685 1374 ἀρέσκεια
713 1291 858 1372 λέγεται,
886 1284 971 1352 όταν
998 1288 1182 1371 ἀρέσκωμαι
1210 1289 1270 1373 έγά
1297 1291 1367 1354 τινὶ
1396 1291 1450 1350 καὶ

270 1400 354 1466 ὅταν
378 1403 584 1485 ἀρέσκονται
614 1401 713 1464 ἀλλοι
743 1402 791 1485 (ἐν
822 1400 853 1464 V
868 1401 904 1482 4)
937 1400 1015 1483 ἐμοί.
1045 1403 1196 1464 ἐνταῦθα
1226 1403 1261 1465 δέ
1290 1404 1378 1463 κατὰ
1409 1402 1450 1463 τὸ

273 1515 429 1596 δεύτερον
452 1516 691 1599 σημαινόμενον
714 1518 859 1600 λέγεται.

359 1629 390 1703 6,
423 1630 463 1692 13
494 1627 582 1709 ὄψων
613 1628 640 1703 ll
670 1631 859 1713 ἐδεσμάτων
892 1630 985 1712 (V2
1015 1629 1195 1712 βρωσίμων)
1228 1629 1343 1712 τριχία
1374 1626 1401 1701 ll
1429 1632 1445 1703 ἡ

269 1743 383 1805 εύθεία
414 1742 454 1804 τὸ
491 1723 621 1824 τριχίαν
642 1777 684 1789 -
707 1722 834 1826 κόγχηςΙ
847 1741 875 1818 ll
898 1746 1057 1827 κογχύλης
1083 1778 1123 1790 -
1156 1742 1331 1824 δεδευμένα
1352 1740 1380 1816 ll
1403 1746 1451 1824 βε-

268 1857 427 1940 βρεγμένα
452 1854 542 1936 (V4
570 1856 775 1936 βεβλαμμένοι
804 1855 865 1936 sic)
889 1860 1070 1920 συνουσίαν
1092 1854 1120 1929 ll
1143 1852 1307 1918 συνουσία
1337 1855 1450 1927 ἁπλῶς

270 1968 327 2050 μέν
350 1973 367 2042 ἡ
391 1970 504 2051 ὁμιλία
525 1970 579 2029 καὶ
602 1969 871 2053 συναναστροφὴ,
902 1967 990 2042 ἰδίοις
1012 1969 1046 2030 δὲ
1076 1970 1162 2049 μετὰ
1191 1975 1257 2029 τῶν
1287 1975 1450 2047 γυναικῶν

271 2081 353 2163 μίξις
375 2115 417 2125 -
440 2081 698 2163 καθικνούμεναι
720 2078 748 2155 ll
770 2075 941 2163 εἰςβοέθος
965 2091 1132 2164 χωροῦσαι
1159 2116 1194 2128 ·-
1210 2068 1398 2153 ⁸Brefioonrrmc
1422 2079 1449 2150 ll

274 2190 483 2275 διερχόμεναι
505 2196 597 2277 μέχρι
618 2195 733 2267 τέλους
755 2227 796 2240 -
820 2195 897 2277 παρ’
920 2190 1000 2256 ὅλον
1028 2196 1090 2254 τὸν
1118 2194 1187 2273 βίον
1210 2190 1236 2264 ll
1258 2194 1292 2252 έν
1319 2186 1377 2275 ὅλῃ
1408 2200 1452 2275 τῇ

272 2309 336 2390 ζωῇ
368 2340 409 2352 -
443 2308 655 2386 φαντάζεται
682 2305 710 2378 ll
740 2309 783 2380 εἰς
820 2308 1016 2387 φαντασίαν
1051 2304 1209 2388 ἐρχόμενα
1241 2305 1374 2366 δοκοῦσι
1409 2341 1450 2350 -—

266 2421 509 2501 ἀπογυμνοῦν
531 2415 558 2492 ll
581 2418 720 2502 περισσὴ
750 2422 768 2490 ἡ
798 2418 864 2480 ἀπὸ
893 2421 1062 2502 πρόθεσις,
1091 2415 1202 2500 ὥσπερ
1224 2418 1259 2478 ἐν
1290 2424 1337 2499 τῷ
1367 2418 1451 2478 ἀπο-

268 2532 397 2594 δειλιᾶν
417 2530 472 2591 καὶ
491 2531 775 2615 ἀπισχυρίζεσὸαι
794 2530 863 2614 (καὶ
883 2532 1132 2594 ἀνακαλύπτειν
1152 2530 1227 2612 Vl)
1240 2567 1278 2577 -
1294 2533 1449 2614 σεμνύνε·

266 2666 328 2706 ται
350 2639 378 2715 ll
401 2640 580 2726 σεβάσμιον
607 2644 696 2705 δοκεῖ
717 2679 759 2690 -
781 2655 964 2729 περιαιρεῖν
987 2639 1016 2717 ll
1037 2645 1247 2728 ἀποστερεῖν.
1279 2644 1450 2725 ἐκβάλλειν

267 2789 309 2800 -
330 2754 437 2837 τύφος
452 2753 479 2826 ll
493 2756 660 2830 κενοδοξία
684 2792 720 2803 -
747 2758 997 2841 παραλογιστής
1013 2754 1042 2829 ll
1056 2755 1212 2818 ἀπατεάν
1237 2792 1275 2801 —-
1301 2760 1405 2831 δοκεῖς
1419 2754 1449 2829 ss

267 2843 405 2950 νομίζεις
428 2902 470 2916 ·-
492 2870 718 2954 καταγοητιύῃ
740 2868 769 2944 ll
792 2869 958 2952 ἐξαπατᾷ.
1006 2868 1094 2951 (Vs
1118 2870 1220 2934 mullo
1242 2871 1339 2951 pluro
1359 2888 1450 2951 quac

270 2998 343 3044 cunr
367 2980 444 3046 vilia
468 2981 534 3046 sint
557 2982 752 3065 omisimus.)

299 3095 303 3104 ’
356 3096 443 3161 Salis
466 3097 531 3162 iam
547 3106 620 3163 esc.¹
646 3098 761 3179 Neque
778 3100 864 3164 enirn
880 3100 914 3163 iu
930 3100 1065 3180 agimus,
1091 3106 1126 3165 ut
1138 3100 1274 3164 Maximi
1287 3101 1449 3166 Planudis

269 3212 448 3277 aliorumve
470 3213 756 3295 grammaticorum
780 3216 965 3280 ubertatem
989 3214 1134 3280 sterilem
1151 3215 1361 3291 illustremus,
1386 3217 1447 3280 scd

267 3333 304 3392 ut
333 3326 482 3391 Marcum
513 3328 710 3392 Antoninum
742 3330 956 3411 corrigamus.
1012 3329 1196 3411 Corrigitur
1227 3339 1335 3395 autom
1364 3349 1448 3396 sanc

267 3439 393 3522 aliquot
415 3442 495 3507 locis
518 3460 578 3524 per
602 3442 799 3509 scholiasten
817 3443 905 3510 velut
930 3444 980 3519 12,
1005 3445 1049 3508 34
1073 3444 1126 3509 ubi
1146 3444 1446 3527 διιγιρταύτατον

267 3574 342 3621 csse
365 3556 505 3637 glossam
530 3555 644 3622 contra
667 3559 930 3643 ἐγερτικώτατον
954 3559 1128 3641 genuinam
1152 3559 1324 3624 lectionem
1347 3556 1449 3622 facile

269 3672 488 3753 cognoscitur.
