3250 4917
652 358 874 430 ...1p.⁴

268 562 458 646 Composuit
478 562 578 645 igitur
601 569 756 644 tunquam
779 562 986 644 anthologice
1013 559 1151 629 16616116
1179 557 1349 631 sententiis

179 681 325 748 collectis
356 698 395 745 ex
423 684 569 746 veterum
601 678 733 761 scriptis
760 677 856 743 bomo
888 678 1020 760 quidam
1050 680 1164 746 doctus
1190 680 1351 763 incipiens

178 796 262 863 forte
285 816 306 862 6
328 795 440 860 1111616
454 791 497 871 Α,
521 793 608 876 quod
632 811 713 875 opus
736 799 794 859 661
815 793 1034 876 interruptum
1058 795 1099 861 ab
1122 795 1194 878 ipso
1217 802 1350 864 6661616

181 918 236 978 661
257 919 440 994 temporum
469 908 645 976 infortunio
676 908 868 992 dissipatum
897 917 958 975 661.
1007 909 1071 976 Sed
1101 929 1174 976 cum
1196 911 1351 977 Antonini

179 1029 255 1094 libri
276 1026 406 1109 integri,
435 1044 516 1109 quos
540 1025 713 1092 admodum
735 1043 830 1091 16166
857 1024 958 1090 161666
986 1026 1037 1092 his
1066 1027 1266 1109 temporibus
1296 1028 1351 1091 de-

119 1219 120 1222 *
180 1142 379 1226 6161611666
402 1142 549 1208 codicum
563 1143 722 1226 paucitas,
747 1142 853 1206 minus
869 1142 1097 1218 innotuissent,
1120 1141 1203 1207 16166
1220 1143 1350 1225 quidam
1452 1160 1454 1163 ⁴

181 1258 396 1340 opinabantur
421 1266 453 1323 61
475 1254 656 1324 scribentes
680 1266 712 1323 61
740 1258 885 1339 legentes
916 1277 1028 1326 ornnes
1057 1258 1129 1322 illos
1159 1259 1247 1324 16666
1277 1277 1350 1323 6666
1373 1243 1375 1248 ⁴

182 1374 318 1440 selectos
342 1392 381 1438 ex
403 1374 579 1440 Antonino.
618 1374 746 1440 invenis
771 1375 856 1439 enim
879 1391 1039 1456 nusquam
1062 1376 1200 1440 indicem
1224 1351 1351 1439 Aeliani

180 1489 299 1555 1611116
324 1490 499 1569 codicibus,
528 1508 604 1555 1616
629 1498 737 1555 antem
762 1491 905 1572 (166661.
930 1490 998 1554 1⁷4
1022 1497 1055 1557 et
1080 1491 1158 1566 Vb,
1189 1497 1225 1556 ut
1251 1509 1351 1572 supra

178 1605 330 1688 diximus)
363 1605 562 1688 adscriptum
592 1614 643 1670 est
670 1606 912 1676 1666161616
943 1607 1191 1673 6166611611661
1218 1625 1347 1672 nomeu.

179 1720 295 1802 Neque
318 1730 427 1785 tamen
450 1721 579 1787 omnino
604 1721 775 1787 evanuisse
798 1729 922 1787 1661661
946 1722 1350 1816 66616611616666616166

182 1835 274 1899 codd.
300 1835 331 1899 L
353 1837 375 1900 2
399 1842 433 1901 61
455 1839 485 1912 3,
509 1834 548 1913 P,
572 1835 629 1900 Mo
652 1838 683 1912 2,
707 1837 741 1901 in
765 1838 883 1918 quibus
906 1838 976 1902 6616
991 1837 1145 1906 Antonini
1167 1836 1350 1919 fragmenta

182 1950 310 2016 omissis
333 1951 461 2018 Aeliani
485 1953 644 2035 capitibus
667 1953 888 2034 reperiuntur.
939 1953 1001 2030 Qui
1025 1953 1152 2018 66111666
1176 1954 1238 2018 6161
1262 1952 1306 2036 (L
1329 1954 1350 2018 2

181 2073 214 2132 61
237 2067 257 2130 3
282 2066 383 2150 66116)
407 2069 608 2133 recentiores
633 2074 710 2134 sunt
724 2070 852 2145 ceteris,
876 2075 983 2134 tamen
1002 2088 1021 2133 6
1037 2069 1235 2135 doctioribus
1251 2069 1351 2134 homi-

179 2182 274 2249 nibus
297 2184 473 2266 perscripti
496 2190 583 2253 sont.

268 2300 359 2365 Haec
382 2307 496 2368 nostro
520 2302 627 2383 opinio
651 2302 755 2367 66161
781 2301 883 2366 166116
909 2302 1095 2368 6661661616
1119 2310 1180 2367 661.
1225 2303 1263 2367 16
1287 2321 1351 2383 qua

181 2415 391 2494 acquiescere
406 2415 470 2480 1661
489 2435 669 2498 coeperam,
688 2417 883 2484 6616161661
900 2418 1021 2499 aliquid
1039 2419 1123 2483 nori.
1155 2418 1350 2499 1666116166
1372 2395 1377 2407 ’

181 2531 338 2595 6616616
361 2532 395 2595 in
420 2532 530 2600 codice
553 2532 584 2596 L
610 2536 626 2598 1
652 2556 684 2617 p.
711 2536 774 2599 251
805 2542 881 2600 6616
910 2534 981 2615 1666
1010 2534 1192 2615 fragmento
1216 2533 1260 2596 M.
1287 2533 1351 2597 An-

144 2699 147 2705 .
180 2645 284 2709 166161
307 2647 363 2729 (ci.
389 2666 473 2728 quae
496 2668 595 2732 supro
618 2650 658 2714 de
683 2650 796 2716 ordine
820 2650 890 2714 eius
914 2648 1035 2714 codicis
1051 2647 1272 2731 exposuimus)
1289 2649 1350 2713 hoc

79 2762 83 2769 “
181 2758 313 2826 lemme:
343 2774 469 2845 γνῶμαι
491 2764 546 2827 καὶ
567 2767 799 2850 ἐπιγράμματα
821 2765 887 2827 ἀπὸ
909 2774 976 2829 τοῖν
1001 2762 1057 2840 ἔξω
1081 2774 1194 2846 σοφῶν
1218 2766 1250 2826 ἐκ
1281 2774 1349 2827 τῶν

180 2875 411 2958 συλλεγέντων
433 2878 523 2962 παρὰ
545 2878 728 2961 μακαρίτου
748 2885 846 2963 scepei>
862 2875 1057 2960 Μαξίμου
1079 2887 1152 2939 τοῦ
1168 2880 1349 2940 libanod-

179 2989 232 3063 δη.
280 2988 445 3056 Habemus
468 2991 568 3072 igitur
592 2998 757 3057 auctorem
782 2992 886 3057 666111
910 2991 1070 3072 1161116611.
1122 2990 1236 3071 Neque
1264 2992 1348 3054 euim

180 3103 352 3185 quisquam
376 3105 582 3182 dubitaverit,
611 3107 688 3188 quin
711 3115 801 3173 16616
825 3107 882 3172 1116
905 3109 970 3187 6161
985 3106 1124 3181 tradite,
1154 3106 1348 3187 6166661116

180 3236 252 3283 cum
282 3238 347 3284 non
375 3220 609 3302 epigrammate
639 3222 742 3287 solum
774 3224 910 3289 66116616
933 3244 953 3287 6
976 3221 1131 3295 Plancos,
1161 3220 1220 3284 sed
1249 3220 1348 3284 etiem

180 3335 261 3427 Cato
286 3342 319 3402 ct
334 3336 489 3401 Boethius
502 3338 526 3418 1)
551 3337 700 3404 conversi
722 3339 756 3402 16
774 3339 935 3404 Graecum
960 3356 1140 3403 sermonem
1165 3336 1347 3410 abeodem,

70 3535 72 3542 y
180 3451 245 3515 6116
268 3450 408 3537 denique
431 3450 656 3534 cius'scripte,
683 3455 894 3534 grammatica
917 3453 1118 3535 potissimum
1141 3450 1347 3538 invenientur

180 3565 215 3630 16
237 3566 458 3649 compluribus
480 3567 546 3632 11116
569 3568 747 3636 codicibus.
794 3570 843 3634 Ab
873 3570 1002 3651 ingenio
1033 3578 1140 3633 661661
1169 3567 1263 3631 161166
1287 3566 1348 3630 viri

70 3763 75 3771 .
140 3694 146 3703 ’
181 3681 310 3748 1616166
338 3683 479 3752 alienum
507 3702 579 3750 esse
607 3685 672 3750 1616
701 3703 781 3767 6666
810 3703 882 3750 cum
914 3704 952 3748 ex
980 3684 1027 3749 616
1060 3702 1143 3766 quae
1176 3683 1216 3746 de
1247 3683 1346 3747 totius

180 3797 266 3863 illius
293 3801 409 3878 aetatis
438 3802 582 3866 moribus
610 3820 711 3884 supra
742 3785 880 3865 diximus
908 3811 1158 3864 consentaneum
1188 3805 1247 3874 661,
1279 3806 1347 3862 tum

179 3916 498 3998 16661166616116161
522 3918 569 3981 eis
593 3935 677 3999 quae
701 3916 741 3980 de
763 3917 835 3998 ipso
858 3916 1005 3980 Plenudc
1030 3915 1159 3990 sciurus,
1185 3915 1252 3978 viro
1277 3914 1347 3977 dili-

178 4032 307 4115 gentiee
330 4051 477 4114 magnae,
502 4032 594 4096 exilis
618 4032 748 4113 ingenii,
772 4034 805 4096 in
823 4031 1002 4112 colligendo
1019 4050 1114 4112 quom
1130 4029 1346 4111 intellegendo

103 4121 106 4128 ⁴
177 4150 346 4229 peritiore.
396 4148 514 4213 b'erum
538 4148 599 4213 hoc
622 4148 753 4213 dubium
780 4149 920 4214 16116666
948 4148 1044 4212 611661
1068 4147 1239 4220 videbitur,
1270 4164 1347 4209 uum

177 4325 179 4330 ι
251 4352 272 4422 ¹)
291 4350 541 4424 Ineditumprnoter
560 4351 685 4420 66116166,
705 4350 775 4421 quod
794 4366 846 4422 ogo
865 4350 954 4406 661616.
982 4349 1057 4405 Inest
1076 4314 1345 4408 antoninorum
