<?xml version="1.0" encoding="UTF-8"?>
<!DOCTYPE html PUBLIC "-//W3C//DTD XHTML 1.0 Transitional//EN"
    "http://www.w3.org/TR/xhtml1/DTD/xhtml1-transitional.dtd">
<html xmlns="http://www.w3.org/1999/xhtml" xml:lang="en" lang="en">
 <head>
  <title>
</title>
<meta http-equiv="Content-Type" content="text/html;charset=utf-8" />
  <meta name='ocr-system' content='tesseract 3.04.00' />
  <meta name='ocr-capabilities' content='ocr_page ocr_carea ocr_par ocr_line ocrx_word'/>
</head>
<body>
  <div class='ocr_page' id='page_1' title='image "./adnotationescri00sticgoog_0018.png"; bbox 0 0 3250 4917; ppageno 0'>
   <div class='ocr_carea' id='block_1_1' title="bbox 758 347 980 415">
    <p class='ocr_par' dir='ltr' id='par_1_1' title="bbox 758 347 980 415">
     <span class='ocr_line' id='line_1_1' title="bbox 758 347 980 415; baseline -0.005 -19"><span class='ocrx_word' id='word_1_1' title='bbox 758 347 980 415; x_wconf 66' lang='lat'><strong>..14-</strong></span> 
     </span>
    </p>
   </div>
   <div class='ocr_carea' id='block_1_2' title="bbox 294 519 1586 1196">
    <p class='ocr_par' dir='ltr' id='par_1_2' title="bbox 294 519 1586 1196">
     <span class='ocr_line' id='line_1_2' title="bbox 294 519 1586 627; baseline -0.005 -15"><span class='ocrx_word' id='word_1_2' title='bbox 294 541 365 612; x_wconf 71' lang='lat' dir='ltr'>Vn</span> <span class='ocrx_word' id='word_1_3' title='bbox 379 571 424 599; x_wconf 90' lang='lat'><strong><em>=</em></strong></span> <span class='ocrx_word' id='word_1_4' title='bbox 447 546 623 611; x_wconf 80' lang='lat' dir='ltr'>Vaticanus</span> <span class='ocrx_word' id='word_1_5' title='bbox 652 546 706 623; x_wconf 87' lang='grc'>98,</span> <span class='ocrx_word' id='word_1_6' title='bbox 742 544 852 611; x_wconf 85' lang='lat' dir='ltr'>bomb.</span> <span class='ocrx_word' id='word_1_7' title='bbox 879 543 1005 609; x_wconf 88' lang='lat' dir='ltr'>formae</span> <span class='ocrx_word' id='word_1_8' title='bbox 1034 545 1055 608; x_wconf 90' lang='lat'><em>8</em></span> <span class='ocrx_word' id='word_1_9' title='bbox 1085 543 1217 609; x_wconf 80' lang='lat' dir='ltr'>manris</span> <span class='ocrx_word' id='word_1_10' title='bbox 1249 544 1307 627; x_wconf 82' lang='lat'>(23</span> <span class='ocrx_word' id='word_1_11' title='bbox 1324 563 1332 607; x_wconf 92' lang='lat'>:</span> <span class='ocrx_word' id='word_1_12' title='bbox 1351 541 1391 607; x_wconf 86' lang='lat'>15</span> <span class='ocrx_word' id='word_1_13' title='bbox 1403 552 1453 621; x_wconf 67' lang='lat'>⁰³¹3</span> <span class='ocrx_word' id='word_1_14' title='bbox 1580 519 1586 536; x_wconf 65' lang='grc'>’</span> 
     </span>
     <span class='ocr_line' id='line_1_3' title="bbox 446 658 1455 745; baseline -0.003 -19"><span class='ocrx_word' id='word_1_15' title='bbox 446 661 611 744; x_wconf 79' lang='lat' dir='ltr'><strong>margines</strong></span> <span class='ocrx_word' id='word_1_16' title='bbox 632 661 764 745; x_wconf 81' lang='lat' dir='ltr'>incerti)</span> <span class='ocrx_word' id='word_1_17' title='bbox 795 680 883 727; x_wconf 85' lang='lat' dir='ltr'>num.</span> <span class='ocrx_word' id='word_1_18' title='bbox 909 659 1141 742; x_wconf 85' lang='lat' dir='ltr'>lin.fere18;</span> <span class='ocrx_word' id='word_1_19' title='bbox 1173 660 1302 742; x_wconf 80' lang='lat' dir='ltr'>glossae</span> <span class='ocrx_word' id='word_1_20' title='bbox 1330 658 1455 724; x_wconf 86' lang='lat' dir='ltr'>formae</span> 
     </span>
     <span class='ocr_line' id='line_1_4' title="bbox 446 775 1451 858; baseline -0.003 -16"><span class='ocrx_word' id='word_1_21' title='bbox 446 775 592 843; x_wconf 88' lang='lat' dir='ltr'>minoris.</span> <span class='ocrx_word' id='word_1_22' title='bbox 630 778 672 842; x_wconf 78' lang='lat'>78</span> <span class='ocrx_word' id='word_1_23' title='bbox 688 777 767 843; x_wconf 87' lang='lat' dir='ltr'>folia</span> <span class='ocrx_word' id='word_1_24' title='bbox 783 778 824 844; x_wconf 93' lang='lat' dir='ltr'>ab</span> <span class='ocrx_word' id='word_1_25' title='bbox 841 777 955 843; x_wconf 88' lang='lat' dir='ltr'>eodem</span> <span class='ocrx_word' id='word_1_26' title='bbox 970 776 1105 842; x_wconf 86' lang='lat' dir='ltr'>librario</span> <span class='ocrx_word' id='word_1_27' title='bbox 1121 780 1158 840; x_wconf 90' lang='lat' dir='ltr'>ut</span> <span class='ocrx_word' id='word_1_28' title='bbox 1169 775 1300 842; x_wconf 78' lang='lat' dir='ltr'>uidetur</span> <span class='ocrx_word' id='word_1_29' title='bbox 1317 775 1451 858; x_wconf 90' lang='lat' dir='ltr'>scripta.</span> 
     </span>
     <span class='ocr_line' id='line_1_5' title="bbox 448 868 1456 981; baseline 0.001 -22"><span class='ocrx_word' id='word_1_30' title='bbox 448 895 558 972; x_wconf 79' lang='grc' dir='ltr'><strong><em>πίναξ.</em></strong></span> <span class='ocrx_word' id='word_1_31' title='bbox 592 898 737 965; x_wconf 88' lang='lat' dir='ltr'>continet</span> <span class='ocrx_word' id='word_1_32' title='bbox 764 898 856 964; x_wconf 79' lang='lat' dir='ltr'>varia</span> <span class='ocrx_word' id='word_1_33' title='bbox 883 868 1027 981; x_wconf 50' lang='lat' dir='ltr'>scripta.</span> <span class='ocrx_word' id='word_1_34' title='bbox 1045 915 1080 979; x_wconf 88' lang='lat' dir='ltr'>p.</span> <span class='ocrx_word' id='word_1_35' title='bbox 1110 893 1242 961; x_wconf 78' lang='lat'>57-75</span> <span class='ocrx_word' id='word_1_36' title='bbox 1271 894 1456 977; x_wconf 87' lang='lat' dir='ltr'>fragmenta</span> 
     </span>
     <span class='ocr_line' id='line_1_6' title="bbox 448 1010 1457 1095; baseline -0.007 -16"><span class='ocrx_word' id='word_1_37' title='bbox 448 1013 495 1082; x_wconf 90' lang='lat' dir='ltr'>M.</span> <span class='ocrx_word' id='word_1_38' title='bbox 526 1013 681 1080; x_wconf 85' lang='lat' dir='ltr'>Antonini</span> <span class='ocrx_word' id='word_1_39' title='bbox 711 1020 743 1080; x_wconf 89' lang='lat' dir='ltr'>et</span> <span class='ocrx_word' id='word_1_40' title='bbox 771 1014 909 1091; x_wconf 89' lang='lat' dir='ltr'>Aeliani,</span> <span class='ocrx_word' id='word_1_41' title='bbox 946 1013 1063 1095; x_wconf 87' lang='lat' dir='ltr'>quibus</span> <span class='ocrx_word' id='word_1_42' title='bbox 1091 1010 1296 1078; x_wconf 83' lang='lat' dir='ltr'>inscribitur:</span> <span class='ocrx_word' id='word_1_43' title='bbox 1334 1010 1457 1095; x_wconf 75' lang='grc' dir='ltr'><strong><em>μάρκου</em></strong></span> 
     </span>
     <span class='ocr_line' id='line_1_7' title="bbox 448 1124 1243 1196; baseline 0.005 -4"><span class='ocrx_word' id='word_1_44' title='bbox 448 1124 634 1194; x_wconf 74' lang='grc' dir='ltr'><strong>ἀντωνίνου</strong></span> <span class='ocrx_word' id='word_1_45' title='bbox 655 1131 688 1193; x_wconf 71' lang='grc' dir='ltr'>ἐκ</span> <span class='ocrx_word' id='word_1_46' title='bbox 713 1138 783 1196; x_wconf 77' lang='grc' dir='ltr'>τῶν</span> <span class='ocrx_word' id='word_1_47' title='bbox 803 1131 882 1192; x_wconf 67' lang='grc' dir='ltr'>καθ’</span> <span class='ocrx_word' id='word_1_48' title='bbox 904 1129 1129 1195; x_wconf 54' lang='lat' dir='ltr'>aoeoossaec.</span> <span class='ocrx_word' id='word_1_49' title='bbox 1155 1127 1243 1196; x_wconf 85' lang='lat' dir='ltr'><strong>XIV.</strong></span> 
     </span>
    </p>
   </div>
   <div class='ocr_carea' id='block_1_3' title="bbox 296 1258 1464 2166">
    <p class='ocr_par' dir='ltr' id='par_1_3' title="bbox 296 1258 1464 2166">
     <span class='ocr_line' id='line_1_8' title="bbox 296 1258 1458 1343; baseline -0.001 -18"><span class='ocrx_word' id='word_1_50' title='bbox 296 1259 359 1325; x_wconf 75' lang='lat' dir='ltr'>Vr</span> <span class='ocrx_word' id='word_1_51' title='bbox 382 1285 426 1312; x_wconf 88' lang='lat'>=</span> <span class='ocrx_word' id='word_1_52' title='bbox 448 1259 625 1325; x_wconf 81' lang='lat' dir='ltr'>Vaticanus</span> <span class='ocrx_word' id='word_1_53' title='bbox 651 1258 724 1336; x_wconf 88' lang='lat'>100,</span> <span class='ocrx_word' id='word_1_54' title='bbox 755 1259 863 1325; x_wconf 91' lang='lat' dir='ltr'>bomb.</span> <span class='ocrx_word' id='word_1_55' title='bbox 893 1258 1018 1325; x_wconf 81' lang='lat' dir='ltr'>formae</span> <span class='ocrx_word' id='word_1_56' title='bbox 1045 1259 1065 1323; x_wconf 87' lang='lat'><em>8</em></span> <span class='ocrx_word' id='word_1_57' title='bbox 1094 1258 1227 1324; x_wconf 88' lang='lat' dir='ltr'>maioris</span> <span class='ocrx_word' id='word_1_58' title='bbox 1258 1258 1315 1343; x_wconf 88' lang='grc'>(22</span> <span class='ocrx_word' id='word_1_59' title='bbox 1332 1278 1340 1323; x_wconf 81' lang='lat' dir='ltr'>t</span> <span class='ocrx_word' id='word_1_60' title='bbox 1359 1258 1400 1324; x_wconf 83' lang='lat'>15</span> <span class='ocrx_word' id='word_1_61' title='bbox 1413 1270 1458 1336; x_wconf 71' lang='lat'>⁰¹³,</span> 
     </span>
     <span class='ocr_line' id='line_1_9' title="bbox 449 1374 1459 1459; baseline 0.003 -20"><span class='ocrx_word' id='word_1_62' title='bbox 449 1375 613 1457; x_wconf 81' lang='lat' dir='ltr'>margines</span> <span class='ocrx_word' id='word_1_63' title='bbox 642 1374 714 1458; x_wconf 85' lang='lat' dir='ltr'>lati)</span> <span class='ocrx_word' id='word_1_64' title='bbox 746 1394 835 1443; x_wconf 92' lang='lat' dir='ltr'>num.</span> <span class='ocrx_word' id='word_1_65' title='bbox 867 1375 923 1439; x_wconf 91' lang='lat' dir='ltr'>lin.</span> <span class='ocrx_word' id='word_1_66' title='bbox 956 1374 1025 1441; x_wconf 90' lang='lat' dir='ltr'>fere</span> <span class='ocrx_word' id='word_1_67' title='bbox 1053 1376 1111 1457; x_wconf 87' lang='grc'>24;</span> <span class='ocrx_word' id='word_1_68' title='bbox 1156 1376 1284 1459; x_wconf 90' lang='lat' dir='ltr'>glossae</span> <span class='ocrx_word' id='word_1_69' title='bbox 1318 1376 1459 1443; x_wconf 90' lang='lat' dir='ltr'>minimis</span> 
     </span>
     <span class='ocr_line' id='line_1_10' title="bbox 450 1490 1458 1577; baseline 0.004 -22"><span class='ocrx_word' id='word_1_70' title='bbox 450 1490 569 1557; x_wconf 79' lang='lat' dir='ltr'>fitteris</span> <span class='ocrx_word' id='word_1_71' title='bbox 592 1491 626 1556; x_wconf 91' lang='lat' dir='ltr'>in</span> <span class='ocrx_word' id='word_1_72' title='bbox 649 1491 796 1575; x_wconf 83' lang='lat' dir='ltr'>margIne</span> <span class='ocrx_word' id='word_1_73' title='bbox 819 1496 853 1557; x_wconf 87' lang='lat' dir='ltr'>et</span> <span class='ocrx_word' id='word_1_74' title='bbox 874 1491 908 1556; x_wconf 92' lang='lat' dir='ltr'>in</span> <span class='ocrx_word' id='word_1_75' title='bbox 930 1490 995 1556; x_wconf 87' lang='lat' dir='ltr'>fine</span> <span class='ocrx_word' id='word_1_76' title='bbox 1018 1500 1256 1577; x_wconf 81' lang='lat' dir='ltr'>excerptorum.</span> <span class='ocrx_word' id='word_1_77' title='bbox 1293 1494 1358 1559; x_wconf 88' lang='grc'>298</span> <span class='ocrx_word' id='word_1_78' title='bbox 1381 1491 1458 1559; x_wconf 89' lang='lat' dir='ltr'>folia</span> 
     </span>
     <span class='ocr_line' id='line_1_11' title="bbox 450 1606 1456 1690; baseline -0.001 -17"><span class='ocrx_word' id='word_1_79' title='bbox 450 1606 503 1673; x_wconf 89' lang='lat' dir='ltr'>vix</span> <span class='ocrx_word' id='word_1_80' title='bbox 526 1606 641 1688; x_wconf 73' lang='lat' dir='ltr'>eadem</span> <span class='ocrx_word' id='word_1_81' title='bbox 664 1626 763 1672; x_wconf 92' lang='lat' dir='ltr'>manu</span> <span class='ocrx_word' id='word_1_82' title='bbox 785 1606 919 1690; x_wconf 85' lang='lat' dir='ltr'>scripta,</span> <span class='ocrx_word' id='word_1_83' title='bbox 943 1614 1053 1673; x_wconf 90' lang='lat' dir='ltr'>tamen</span> <span class='ocrx_word' id='word_1_84' title='bbox 1076 1608 1122 1672; x_wconf 92' lang='lat' dir='ltr'>M.</span> <span class='ocrx_word' id='word_1_85' title='bbox 1141 1608 1296 1675; x_wconf 86' lang='lat' dir='ltr'>Antonini</span> <span class='ocrx_word' id='word_1_86' title='bbox 1319 1618 1353 1676; x_wconf 91' lang='lat' dir='ltr'>et</span> <span class='ocrx_word' id='word_1_87' title='bbox 1375 1608 1456 1675; x_wconf 92' lang='lat' dir='ltr'>Aeli-</span> 
     </span>
     <span class='ocr_line' id='line_1_12' title="bbox 451 1722 1459 1808; baseline 0.006 -21"><span class='ocrx_word' id='word_1_88' title='bbox 451 1722 506 1787; x_wconf 88' lang='lat' dir='ltr'>ani</span> <span class='ocrx_word' id='word_1_89' title='bbox 532 1722 714 1805; x_wconf 86' lang='lat' dir='ltr'>fragmenta</span> <span class='ocrx_word' id='word_1_90' title='bbox 742 1724 790 1808; x_wconf 89' lang='lat' dir='ltr'>(p.</span> <span class='ocrx_word' id='word_1_91' title='bbox 818 1722 1005 1807; x_wconf 84' lang='lat'>165-180)</span> <span class='ocrx_word' id='word_1_92' title='bbox 1035 1725 1076 1790; x_wconf 86' lang='lat' dir='ltr'>ab</span> <span class='ocrx_word' id='word_1_93' title='bbox 1107 1724 1220 1791; x_wconf 85' lang='lat' dir='ltr'>eodem</span> <span class='ocrx_word' id='word_1_94' title='bbox 1250 1727 1367 1794; x_wconf 81' lang='lat' dir='ltr'>scriba</span> <span class='ocrx_word' id='word_1_95' title='bbox 1388 1745 1459 1793; x_wconf 89' lang='lat' dir='ltr'>esse</span> 
     </span>
     <span class='ocr_line' id='line_1_13' title="bbox 450 1836 1463 1927; baseline 0.005 -25"><span class='ocrx_word' id='word_1_96' title='bbox 450 1836 597 1922; x_wconf 83' lang='lat' dir='ltr'>proiecta</span> <span class='ocrx_word' id='word_1_97' title='bbox 625 1844 773 1922; x_wconf 86' lang='lat' dir='ltr'>apparet.</span> <span class='ocrx_word' id='word_1_98' title='bbox 822 1839 914 1903; x_wconf 88' lang='lat' dir='ltr'>Haec</span> <span class='ocrx_word' id='word_1_99' title='bbox 939 1838 1176 1907; x_wconf 88' lang='lat' dir='ltr'>inscribuntur:</span> <span class='ocrx_word' id='word_1_100' title='bbox 1206 1839 1330 1927; x_wconf 79' lang='grc' dir='ltr'><strong>μάρκου</strong></span> <span class='ocrx_word' id='word_1_101' title='bbox 1359 1843 1463 1907; x_wconf 78' lang='grc' dir='ltr'><strong><em>ἀντω-</em></strong></span> 
     </span>
     <span class='ocr_line' id='line_1_14' title="bbox 452 1953 1464 2042; baseline 0.005 -24"><span class='ocrx_word' id='word_1_102' title='bbox 452 1953 544 2019; x_wconf 75' lang='lat' dir='ltr'>otono</span> <span class='ocrx_word' id='word_1_103' title='bbox 565 1956 599 2017; x_wconf 79' lang='grc' dir='ltr'>ἐκ</span> <span class='ocrx_word' id='word_1_104' title='bbox 619 1962 688 2019; x_wconf 78' lang='grc' dir='ltr'>τῶν</span> <span class='ocrx_word' id='word_1_105' title='bbox 709 1954 786 2017; x_wconf 63' lang='grc' dir='ltr'>καθ’</span> <span class='ocrx_word' id='word_1_106' title='bbox 808 1955 921 2019; x_wconf 75' lang='grc' dir='ltr'><strong><em>αὐτόν.</em></strong></span> <span class='ocrx_word' id='word_1_107' title='bbox 968 1955 1096 2021; x_wconf 87' lang='lat' dir='ltr'>Aeliani</span> <span class='ocrx_word' id='word_1_108' title='bbox 1118 1974 1236 2022; x_wconf 84' lang='lat' dir='ltr'>nomen</span> <span class='ocrx_word' id='word_1_109' title='bbox 1264 1957 1464 2042; x_wconf 86' lang='lat' dir='ltr'>adscriptum</span> 
     </span>
     <span class='ocr_line' id='line_1_15' title="bbox 453 2067 1122 2166; baseline 0.003 -30"><span class='ocrx_word' id='word_1_110' title='bbox 453 2077 504 2139; x_wconf 88' lang='lat' dir='ltr'>est</span> <span class='ocrx_word' id='word_1_111' title='bbox 525 2067 872 2166; x_wconf 20' lang='lat' dir='ltr'>passim-fragmentis.</span> <span class='ocrx_word' id='word_1_112' title='bbox 921 2088 1009 2137; x_wconf 86' lang='lat' dir='ltr'>saec.</span> <span class='ocrx_word' id='word_1_113' title='bbox 1035 2070 1122 2139; x_wconf 86' lang='lat' dir='ltr'><strong>IIIV.</strong></span> 
     </span>
    </p>
   </div>
   <div class='ocr_carea' id='block_1_4' title="bbox 301 2195 1465 3213">
    <p class='ocr_par' dir='ltr' id='par_1_4' title="bbox 301 2195 1465 3213">
     <span class='ocr_line' id='line_1_16' title="bbox 301 2195 1463 2284; baseline 0.001 -17"><span class='ocrx_word' id='word_1_114' title='bbox 301 2201 331 2266; x_wconf 87' lang='lat' dir='ltr'><strong><em>V</em></strong></span> <span class='ocrx_word' id='word_1_115' title='bbox 344 2201 366 2267; x_wconf 83' lang='lat'>5</span> <span class='ocrx_word' id='word_1_116' title='bbox 388 2226 433 2253; x_wconf 89' lang='lat'><strong><em>=</em></strong></span> <span class='ocrx_word' id='word_1_117' title='bbox 455 2200 633 2266; x_wconf 88' lang='lat' dir='ltr'>Vaticanus</span> <span class='ocrx_word' id='word_1_118' title='bbox 644 2198 720 2275; x_wconf 85' lang='grc'>926,</span> <span class='ocrx_word' id='word_1_119' title='bbox 737 2195 929 2265; x_wconf 86' lang='lat' dir='ltr'>chartaceus</span> <span class='ocrx_word' id='word_1_120' title='bbox 942 2199 1009 2284; x_wconf 89' lang='lat' dir='ltr'>(vix</span> <span class='ocrx_word' id='word_1_121' title='bbox 1019 2199 1145 2283; x_wconf 85' lang='lat' dir='ltr'>bomb.)</span> <span class='ocrx_word' id='word_1_122' title='bbox 1159 2201 1284 2268; x_wconf 84' lang='lat' dir='ltr'>formae</span> <span class='ocrx_word' id='word_1_123' title='bbox 1297 2203 1317 2268; x_wconf 88' lang='grc'>8</span> <span class='ocrx_word' id='word_1_124' title='bbox 1329 2202 1463 2268; x_wconf 86' lang='lat' dir='ltr'>maioris</span> 
     </span>
     <span class='ocr_line' id='line_1_17' title="bbox 456 2314 1462 2401; baseline 0.004 -20"><span class='ocrx_word' id='word_1_125' title='bbox 456 2318 510 2401; x_wconf 84' lang='grc'>(21</span> <span class='ocrx_word' id='word_1_126' title='bbox 530 2337 537 2381; x_wconf 92' lang='lat'>:</span> <span class='ocrx_word' id='word_1_127' title='bbox 557 2316 598 2380; x_wconf 86' lang='lat'>13</span> <span class='ocrx_word' id='word_1_128' title='bbox 610 2324 654 2391; x_wconf 80' lang='lat'>⁰¹¹¹,</span> <span class='ocrx_word' id='word_1_129' title='bbox 678 2314 843 2398; x_wconf 79' lang='lat' dir='ltr'>margines</span> <span class='ocrx_word' id='word_1_130' title='bbox 865 2315 953 2381; x_wconf 85' lang='grc'>2-3</span> <span class='ocrx_word' id='word_1_131' title='bbox 966 2315 1028 2399; x_wconf 69' lang='grc'>0111);</span> <span class='ocrx_word' id='word_1_132' title='bbox 1052 2336 1140 2382; x_wconf 90' lang='lat' dir='ltr'>num.</span> <span class='ocrx_word' id='word_1_133' title='bbox 1158 2317 1318 2384; x_wconf 86' lang='lat' dir='ltr'>linearum</span> <span class='ocrx_word' id='word_1_134' title='bbox 1342 2318 1462 2397; x_wconf 75' lang='lat' dir='ltr'>varius,</span> 
     </span>
     <span class='ocr_line' id='line_1_18' title="bbox 454 2431 1464 2516; baseline 0.004 -18"><span class='ocrx_word' id='word_1_135' title='bbox 454 2433 524 2498; x_wconf 86' lang='lat' dir='ltr'>fere</span> <span class='ocrx_word' id='word_1_136' title='bbox 547 2432 604 2512; x_wconf 89' lang='grc'>22;</span> <span class='ocrx_word' id='word_1_137' title='bbox 634 2431 762 2513; x_wconf 83' lang='lat' dir='ltr'>glossae</span> <span class='ocrx_word' id='word_1_138' title='bbox 784 2431 964 2497; x_wconf 90' lang='lat' dir='ltr'>minoribus</span> <span class='ocrx_word' id='word_1_139' title='bbox 987 2433 1106 2500; x_wconf 89' lang='lat' dir='ltr'>litteris</span> <span class='ocrx_word' id='word_1_140' title='bbox 1133 2434 1167 2499; x_wconf 92' lang='lat' dir='ltr'>in</span> <span class='ocrx_word' id='word_1_141' title='bbox 1195 2435 1343 2516; x_wconf 87' lang='lat' dir='ltr'>margine</span> <span class='ocrx_word' id='word_1_142' title='bbox 1370 2436 1464 2502; x_wconf 91' lang='lat' dir='ltr'>etin</span> 
     </span>
     <span class='ocr_line' id='line_1_19' title="bbox 455 2548 1464 2633; baseline 0.003 -19"><span class='ocrx_word' id='word_1_143' title='bbox 455 2548 519 2614; x_wconf 93' lang='lat' dir='ltr'>fine</span> <span class='ocrx_word' id='word_1_144' title='bbox 543 2555 769 2632; x_wconf 83' lang='lat' dir='ltr'>excerptorum</span> <span class='ocrx_word' id='word_1_145' title='bbox 793 2548 990 2633; x_wconf 85' lang='lat' dir='ltr'>adscriptae.</span> <span class='ocrx_word' id='word_1_146' title='bbox 1038 2550 1104 2616; x_wconf 84' lang='grc'>235</span> <span class='ocrx_word' id='word_1_147' title='bbox 1127 2549 1213 2626; x_wconf 83' lang='lat' dir='ltr'>folia,</span> <span class='ocrx_word' id='word_1_148' title='bbox 1242 2550 1314 2615; x_wconf 87' lang='lat' dir='ltr'>sine</span> <span class='ocrx_word' id='word_1_149' title='bbox 1341 2550 1464 2633; x_wconf 82' lang='lat' dir='ltr'>iudice3</span> 
     </span>
     <span class='ocr_line' id='line_1_20' title="bbox 457 2664 1465 2749; baseline 0.003 -19"><span class='ocrx_word' id='word_1_150' title='bbox 457 2665 602 2731; x_wconf 89' lang='lat' dir='ltr'>continet</span> <span class='ocrx_word' id='word_1_151' title='bbox 624 2665 716 2731; x_wconf 88' lang='lat' dir='ltr'>varia</span> <span class='ocrx_word' id='word_1_152' title='bbox 738 2664 871 2749; x_wconf 89' lang='lat' dir='ltr'>scripta,</span> <span class='ocrx_word' id='word_1_153' title='bbox 898 2684 932 2748; x_wconf 88' lang='lat' dir='ltr'>p.</span> <span class='ocrx_word' id='word_1_154' title='bbox 958 2665 1091 2731; x_wconf 83' lang='grc'>27-52</span> <span class='ocrx_word' id='word_1_155' title='bbox 1118 2665 1301 2749; x_wconf 86' lang='lat' dir='ltr'>fragmenta</span> <span class='ocrx_word' id='word_1_156' title='bbox 1328 2667 1374 2732; x_wconf 91' lang='lat' dir='ltr'>M.</span> <span class='ocrx_word' id='word_1_157' title='bbox 1400 2668 1465 2733; x_wconf 92' lang='lat' dir='ltr'>An-</span> 
     </span>
     <span class='ocr_line' id='line_1_21' title="bbox 456 2780 1462 2866; baseline 0 -19"><span class='ocrx_word' id='word_1_158' title='bbox 456 2780 561 2847; x_wconf 92' lang='lat' dir='ltr'>tonini</span> <span class='ocrx_word' id='word_1_159' title='bbox 583 2785 617 2845; x_wconf 94' lang='lat' dir='ltr'>et</span> <span class='ocrx_word' id='word_1_160' title='bbox 638 2780 766 2844; x_wconf 91' lang='lat' dir='ltr'>Aeliani</span> <span class='ocrx_word' id='word_1_161' title='bbox 789 2781 830 2845; x_wconf 87' lang='lat' dir='ltr'>ab</span> <span class='ocrx_word' id='word_1_162' title='bbox 859 2780 973 2846; x_wconf 88' lang='lat' dir='ltr'>ecdem</span> <span class='ocrx_word' id='word_1_163' title='bbox 1001 2800 1099 2847; x_wconf 88' lang='lat' dir='ltr'>mann</span> <span class='ocrx_word' id='word_1_164' title='bbox 1126 2782 1318 2866; x_wconf 88' lang='lat' dir='ltr'>perscripta,</span> <span class='ocrx_word' id='word_1_165' title='bbox 1347 2784 1462 2864; x_wconf 88' lang='lat' dir='ltr'>quibus</span> 
     </span>
     <span class='ocr_line' id='line_1_22' title="bbox 457 2895 1461 2983; baseline -0.004 -21"><span class='ocrx_word' id='word_1_166' title='bbox 457 2896 658 2962; x_wconf 81' lang='lat' dir='ltr'>inscribitur:</span> <span class='ocrx_word' id='word_1_167' title='bbox 688 2895 812 2982; x_wconf 78' lang='grc' dir='ltr'>μάρκου</span> <span class='ocrx_word' id='word_1_168' title='bbox 834 2897 1016 2962; x_wconf 64' lang='lat' dir='ltr'>novariam&gt;</span> <span class='ocrx_word' id='word_1_169' title='bbox 1036 2897 1190 2981; x_wconf 75' lang='grc' dir='ltr'><strong><em>καίσαρος</em></strong></span> <span class='ocrx_word' id='word_1_170' title='bbox 1211 2899 1404 2983; x_wconf 70' lang='grc' dir='ltr'><strong><em>αὖγούστου.</em></strong></span> <span class='ocrx_word' id='word_1_171' title='bbox 1428 2899 1461 2959; x_wconf 78' lang='grc' dir='ltr'>ἐκ</span> 
     </span>
     <span class='ocr_line' id='line_1_23' title="bbox 458 3010 1464 3096; baseline 0.003 -22"><span class='ocrx_word' id='word_1_172' title='bbox 458 3019 524 3076; x_wconf 76' lang='grc' dir='ltr'>τῶν</span> <span class='ocrx_word' id='word_1_173' title='bbox 541 3012 617 3075; x_wconf 63' lang='grc' dir='ltr'>καθ’</span> <span class='ocrx_word' id='word_1_174' title='bbox 631 3010 749 3083; x_wconf 73' lang='grc' dir='ltr'><strong><em>αὐτόν.</em></strong></span> <span class='ocrx_word' id='word_1_175' title='bbox 780 3011 907 3077; x_wconf 86' lang='lat' dir='ltr'>Aeliani</span> <span class='ocrx_word' id='word_1_176' title='bbox 923 3030 1040 3077; x_wconf 91' lang='lat' dir='ltr'>nomen</span> <span class='ocrx_word' id='word_1_177' title='bbox 1054 3011 1124 3077; x_wconf 88' lang='lat' dir='ltr'>fere</span> <span class='ocrx_word' id='word_1_178' title='bbox 1141 3013 1287 3079; x_wconf 90' lang='lat' dir='ltr'>omnibns</span> <span class='ocrx_word' id='word_1_179' title='bbox 1303 3012 1464 3096; x_wconf 79' lang='lat' dir='ltr'>excerptis</span> 
     </span>
     <span class='ocr_line' id='line_1_24' title="bbox 458 3127 1202 3213; baseline 0.004 -19"><span class='ocrx_word' id='word_1_180' title='bbox 458 3127 657 3211; x_wconf 87' lang='lat' dir='ltr'>adscriptum</span> <span class='ocrx_word' id='word_1_181' title='bbox 682 3133 742 3194; x_wconf 91' lang='lat' dir='ltr'>est.</span> <span class='ocrx_word' id='word_1_182' title='bbox 792 3145 879 3193; x_wconf 87' lang='lat' dir='ltr'>saec.</span> <span class='ocrx_word' id='word_1_183' title='bbox 905 3128 983 3193; x_wconf 86' lang='lat' dir='ltr'>XIV</span> <span class='ocrx_word' id='word_1_184' title='bbox 1007 3128 1074 3213; x_wconf 76' lang='lat' dir='ltr'>(vix</span> <span class='ocrx_word' id='word_1_185' title='bbox 1095 3128 1202 3212; x_wconf 86' lang='lat' dir='ltr'><strong>XIII).</strong></span> 
     </span>
    </p>
   </div>
   <div class='ocr_carea' id='block_1_5' title="bbox 317 3249 1469 4038">
    <p class='ocr_par' dir='ltr' id='par_1_5' title="bbox 317 3249 1469 4038">
     <span class='ocr_line' id='line_1_25' title="bbox 317 3249 1467 3335; baseline -0.002 -8"><span class='ocrx_word' id='word_1_186' title='bbox 317 3249 369 3327; x_wconf 85' lang='grc' dir='ltr'>ΙΒ</span> <span class='ocrx_word' id='word_1_187' title='bbox 392 3284 436 3312; x_wconf 90' lang='lat'><strong><em>=</em></strong></span> <span class='ocrx_word' id='word_1_188' title='bbox 460 3257 561 3323; x_wconf 88' lang='lat' dir='ltr'>codex</span> <span class='ocrx_word' id='word_1_189' title='bbox 583 3256 784 3323; x_wconf 85' lang='lat' dir='ltr'>Barbarinus</span> <span class='ocrx_word' id='word_1_190' title='bbox 812 3257 853 3335; x_wconf 86' lang='lat' dir='ltr'>II,</span> <span class='ocrx_word' id='word_1_191' title='bbox 882 3257 936 3334; x_wconf 91' lang='grc'>99,</span> <span class='ocrx_word' id='word_1_192' title='bbox 965 3258 1157 3325; x_wconf 86' lang='lat' dir='ltr'>chartaceus</span> <span class='ocrx_word' id='word_1_193' title='bbox 1184 3257 1290 3324; x_wconf 84' lang='lat' dir='ltr'>forma</span> <span class='ocrx_word' id='word_1_194' title='bbox 1316 3257 1467 3325; x_wconf 90' lang='lat' dir='ltr'>foliorum</span> 
     </span>
     <span class='ocr_line' id='line_1_26' title="bbox 458 3372 1468 3455; baseline -0.001 -15"><span class='ocrx_word' id='word_1_195' title='bbox 458 3374 561 3451; x_wconf 86' lang='lat' dir='ltr'>varia,</span> <span class='ocrx_word' id='word_1_196' title='bbox 578 3374 611 3439; x_wconf 95' lang='lat' dir='ltr'>in</span> <span class='ocrx_word' id='word_1_197' title='bbox 626 3372 818 3455; x_wconf 88' lang='lat' dir='ltr'>fragmentis</span> <span class='ocrx_word' id='word_1_198' title='bbox 830 3373 983 3439; x_wconf 81' lang='lat' dir='ltr'>Antonini</span> <span class='ocrx_word' id='word_1_199' title='bbox 999 3392 1087 3441; x_wconf 90' lang='lat' dir='ltr'>num.</span> <span class='ocrx_word' id='word_1_200' title='bbox 1106 3373 1164 3441; x_wconf 89' lang='lat' dir='ltr'>lin.</span> <span class='ocrx_word' id='word_1_201' title='bbox 1181 3372 1252 3440; x_wconf 87' lang='lat' dir='ltr'>fere</span> <span class='ocrx_word' id='word_1_202' title='bbox 1265 3374 1320 3441; x_wconf 87' lang='lat'>30.</span> <span class='ocrx_word' id='word_1_203' title='bbox 1338 3373 1468 3455; x_wconf 86' lang='lat' dir='ltr'>glossae</span> 
     </span>
     <span class='ocr_line' id='line_1_27' title="bbox 461 3484 1469 3573; baseline 0 -17"><span class='ocrx_word' id='word_1_204' title='bbox 461 3484 589 3557; x_wconf 89' lang='lat' dir='ltr'>omnino</span> <span class='ocrx_word' id='word_1_205' title='bbox 614 3488 741 3555; x_wconf 86' lang='lat' dir='ltr'>desunt.</span> <span class='ocrx_word' id='word_1_206' title='bbox 790 3490 832 3554; x_wconf 90' lang='lat'>68</span> <span class='ocrx_word' id='word_1_207' title='bbox 860 3488 947 3566; x_wconf 84' lang='lat' dir='ltr'>folia,</span> <span class='ocrx_word' id='word_1_208' title='bbox 976 3501 1113 3573; x_wconf 89' lang='lat' dir='ltr'>quorum</span> <span class='ocrx_word' id='word_1_209' title='bbox 1141 3488 1365 3573; x_wconf 85' lang='lat' dir='ltr'>antiquissima</span> <span class='ocrx_word' id='word_1_210' title='bbox 1392 3496 1469 3556; x_wconf 87' lang='lat' dir='ltr'>sunt</span> 
     </span>
     <span class='ocr_line' id='line_1_28' title="bbox 463 3603 1468 3688; baseline -0.002 -16"><span class='ocrx_word' id='word_1_211' title='bbox 463 3607 562 3685; x_wconf 83' lang='lat'><strong>1-33</strong></span> <span class='ocrx_word' id='word_1_212' title='bbox 597 3605 680 3670; x_wconf 88' lang='lat' dir='ltr'>baec</span> <span class='ocrx_word' id='word_1_213' title='bbox 708 3605 875 3671; x_wconf 88' lang='lat' dir='ltr'>continent</span> <span class='ocrx_word' id='word_1_214' title='bbox 902 3605 948 3673; x_wconf 90' lang='lat' dir='ltr'>M.</span> <span class='ocrx_word' id='word_1_215' title='bbox 978 3605 1133 3672; x_wconf 89' lang='lat' dir='ltr'>Antonini</span> <span class='ocrx_word' id='word_1_216' title='bbox 1164 3612 1198 3673; x_wconf 92' lang='lat' dir='ltr'>et</span> <span class='ocrx_word' id='word_1_217' title='bbox 1224 3604 1351 3671; x_wconf 85' lang='lat' dir='ltr'>Aeliani</span> <span class='ocrx_word' id='word_1_218' title='bbox 1382 3603 1468 3688; x_wconf 87' lang='lat' dir='ltr'>frag-</span> 
     </span>
     <span class='ocr_line' id='line_1_29' title="bbox 460 3720 1469 3807; baseline 0 -20"><span class='ocrx_word' id='word_1_219' title='bbox 460 3727 580 3798; x_wconf 87' lang='lat' dir='ltr'>menta,</span> <span class='ocrx_word' id='word_1_220' title='bbox 604 3721 721 3803; x_wconf 85' lang='lat' dir='ltr'>quibus</span> <span class='ocrx_word' id='word_1_221' title='bbox 743 3721 946 3788; x_wconf 87' lang='lat' dir='ltr'>inscribitur:</span> <span class='ocrx_word' id='word_1_222' title='bbox 974 3721 1117 3807; x_wconf 77' lang='grc' dir='ltr'><strong>Μάρκου</strong></span> <span class='ocrx_word' id='word_1_223' title='bbox 1139 3720 1321 3786; x_wconf 64' lang='lat' dir='ltr'>inertem&gt;</span> <span class='ocrx_word' id='word_1_224' title='bbox 1343 3722 1376 3785; x_wconf 80' lang='grc' dir='ltr'>ἐκ</span> <span class='ocrx_word' id='word_1_225' title='bbox 1399 3731 1469 3787; x_wconf 71' lang='grc' dir='ltr'>τῶν</span> 
     </span>
     <span class='ocr_line' id='line_1_30' title="bbox 461 3834 1468 3922; baseline 0.003 -23"><span class='ocrx_word' id='word_1_226' title='bbox 461 3836 538 3899; x_wconf 66' lang='grc' dir='ltr'><strong>καθ’</strong></span> <span class='ocrx_word' id='word_1_227' title='bbox 561 3834 687 3901; x_wconf 78' lang='grc' dir='ltr'><strong><em>ἑαυτόν.</em></strong></span> <span class='ocrx_word' id='word_1_228' title='bbox 723 3839 814 3903; x_wconf 88' lang='lat' dir='ltr'>Haec</span> <span class='ocrx_word' id='word_1_229' title='bbox 836 3835 1017 3904; x_wconf 86' lang='lat' dir='ltr'>saec.le</span> <span class='ocrx_word' id='word_1_230' title='bbox 1041 3837 1106 3921; x_wconf 90' lang='lat' dir='ltr'>(vel</span> <span class='ocrx_word' id='word_1_231' title='bbox 1122 3837 1195 3922; x_wconf 82' lang='lat' dir='ltr'>XV)</span> <span class='ocrx_word' id='word_1_232' title='bbox 1220 3855 1293 3903; x_wconf 89' lang='lat' dir='ltr'>esse</span> <span class='ocrx_word' id='word_1_233' title='bbox 1308 3836 1468 3915; x_wconf 82' lang='lat' dir='ltr'>videmur,</span> 
     </span>
     <span class='ocr_line' id='line_1_31' title="bbox 462 3951 1466 4038; baseline -0.002 -18"><span class='ocrx_word' id='word_1_234' title='bbox 462 3963 591 4020; x_wconf 89' lang='lat' dir='ltr'>ceterae</span> <span class='ocrx_word' id='word_1_235' title='bbox 615 3960 726 4038; x_wconf 89' lang='lat' dir='ltr'>partes</span> <span class='ocrx_word' id='word_1_236' title='bbox 749 3954 790 4020; x_wconf 87' lang='lat' dir='ltr'>ab</span> <span class='ocrx_word' id='word_1_237' title='bbox 814 3953 952 4019; x_wconf 88' lang='lat' dir='ltr'>diversis</span> <span class='ocrx_word' id='word_1_238' title='bbox 967 3952 1181 4036; x_wconf 88' lang='lat' dir='ltr'>scriptoribus</span> <span class='ocrx_word' id='word_1_239' title='bbox 1197 3951 1364 4036; x_wconf 87' lang='lat' dir='ltr'>profectae</span> <span class='ocrx_word' id='word_1_240' title='bbox 1379 3959 1466 4020; x_wconf 85' lang='lat' dir='ltr'>sunt.</span> 
     </span>
    </p>
   </div>
   <div class='ocr_carea' id='block_1_6' title="bbox 303 4079 1472 4399">
    <p class='ocr_par' dir='ltr' id='par_1_6' title="bbox 303 4079 1472 4399">
     <span class='ocr_line' id='line_1_32' title="bbox 303 4079 1471 4178; baseline -0.003 -27"><span class='ocrx_word' id='word_1_241' title='bbox 303 4083 335 4151; x_wconf 79' lang='lat' dir='ltr'><em>L</em></span> <span class='ocrx_word' id='word_1_242' title='bbox 357 4086 373 4150; x_wconf 93' lang='lat'>1</span> <span class='ocrx_word' id='word_1_243' title='bbox 398 4109 443 4136; x_wconf 93' lang='lat'><strong><em>=</em></strong></span> <span class='ocrx_word' id='word_1_244' title='bbox 465 4082 704 4149; x_wconf 84' lang='lat' dir='ltr'>LaurentIunus</span> <span class='ocrx_word' id='word_1_245' title='bbox 726 4081 783 4178; x_wconf 71' lang='grc' dir='ltr'>55,ι</span> <span class='ocrx_word' id='word_1_246' title='bbox 805 4082 836 4159; x_wconf 79' lang='grc'>7,</span> <span class='ocrx_word' id='word_1_247' title='bbox 864 4080 971 4147; x_wconf 90' lang='lat' dir='ltr'>bomb.</span> <span class='ocrx_word' id='word_1_248' title='bbox 998 4081 1046 4162; x_wconf 89' lang='lat' dir='ltr'>(in</span> <span class='ocrx_word' id='word_1_249' title='bbox 1070 4081 1217 4163; x_wconf 88' lang='lat' dir='ltr'>catalogo</span> <span class='ocrx_word' id='word_1_250' title='bbox 1240 4079 1392 4146; x_wconf 85' lang='lat' dir='ltr'>Bandimi</span> <span class='ocrx_word' id='word_1_251' title='bbox 1421 4087 1471 4148; x_wconf 87' lang='lat' dir='ltr'>eat</span> 
     </span>
     <span class='ocr_line' id='line_1_33' title="bbox 429 4194 1470 4282; baseline -0.003 -18"><span class='ocrx_word' id='word_1_252' title='bbox 429 4203 433 4210; x_wconf 83' lang='lat'>&#39;</span> <span class='ocrx_word' id='word_1_253' title='bbox 465 4198 671 4282; x_wconf 79' lang='lat' dir='ltr'>chartaceus)</span> <span class='ocrx_word' id='word_1_254' title='bbox 704 4197 829 4264; x_wconf 84' lang='lat' dir='ltr'>formae</span> <span class='ocrx_word' id='word_1_255' title='bbox 856 4197 876 4264; x_wconf 91' lang='lat'>8</span> <span class='ocrx_word' id='word_1_256' title='bbox 903 4197 1036 4265; x_wconf 87' lang='lat' dir='ltr'>maioris</span> <span class='ocrx_word' id='word_1_257' title='bbox 1065 4197 1122 4281; x_wconf 88' lang='grc'>(22</span> <span class='ocrx_word' id='word_1_258' title='bbox 1140 4216 1147 4260; x_wconf 92' lang='lat'>:</span> <span class='ocrx_word' id='word_1_259' title='bbox 1166 4194 1207 4260; x_wconf 84' lang='lat'>15</span> <span class='ocrx_word' id='word_1_260' title='bbox 1220 4205 1268 4277; x_wconf 52' lang='grc' dir='ltr'>οὓς</span> <span class='ocrx_word' id='word_1_261' title='bbox 1306 4196 1470 4280; x_wconf 90' lang='lat' dir='ltr'>margines</span> 
     </span>
     <span class='ocr_line' id='line_1_34' title="bbox 464 4309 1472 4399; baseline -0.005 -17"><span class='ocrx_word' id='word_1_262' title='bbox 464 4315 551 4382; x_wconf 86' lang='grc'>2-3</span> <span class='ocrx_word' id='word_1_263' title='bbox 563 4313 611 4399; x_wconf 72' lang='lat'>⁰¹³)</span> <span class='ocrx_word' id='word_1_264' title='bbox 634 4332 722 4382; x_wconf 91' lang='lat' dir='ltr'>num.</span> <span class='ocrx_word' id='word_1_265' title='bbox 748 4313 806 4382; x_wconf 89' lang='lat' dir='ltr'>liu.</span> <span class='ocrx_word' id='word_1_266' title='bbox 832 4314 1089 4392; x_wconf 70' lang='lat' dir='ltr'>verina-tamen</span> <span class='ocrx_word' id='word_1_267' title='bbox 1113 4310 1267 4377; x_wconf 90' lang='lat' dir='ltr'>Antonini</span> <span class='ocrx_word' id='word_1_268' title='bbox 1288 4309 1472 4397; x_wconf 87' lang='lat' dir='ltr'>fragmenta</span> 
     </span>
    </p>
   </div>
   <div class='ocr_carea' id='block_1_7' title="bbox 0 0 1653 4916">
    <p class='ocr_par' dir='ltr' id='par_1_7' title="bbox 0 0 1653 4916">
     <span class='ocr_line' id='line_1_35' title="bbox 0 0 1653 4916; baseline 0 0"><span class='ocrx_word' id='word_1_269' title='bbox 0 0 1653 4916; x_wconf 95' lang='lat' dir='ltr'> </span> 
     </span>
    </p>
   </div>
  </div>
 </body>
</html>
