<?xml version="1.0" encoding="UTF-8"?>
<!DOCTYPE html PUBLIC "-//W3C//DTD XHTML 1.0 Transitional//EN"
    "http://www.w3.org/TR/xhtml1/DTD/xhtml1-transitional.dtd">
<html xmlns="http://www.w3.org/1999/xhtml" xml:lang="en" lang="en">
 <head>
  <title>
</title>
<meta http-equiv="Content-Type" content="text/html;charset=utf-8" />
  <meta name='ocr-system' content='tesseract 3.04.00' />
  <meta name='ocr-capabilities' content='ocr_page ocr_carea ocr_par ocr_line ocrx_word'/>
</head>
<body>
  <div class='ocr_page' id='page_1' title='image "./adnotationescri00sticgoog_0008.png"; bbox 0 0 3250 4917; ppageno 0'>
   <div class='ocr_carea' id='block_1_1' title="bbox 722 391 963 530">
    <p class='ocr_par' dir='ltr' id='par_1_1' title="bbox 722 391 963 530">
     <span class='ocr_line' id='line_1_1' title="bbox 763 391 963 465; baseline 0.01 -18"><span class='ocrx_word' id='word_1_1' title='bbox 763 391 963 465; x_wconf 76' lang='grc' dir='ltr'>...4..Ι</span> 
     </span>
     <span class='ocr_line' id='line_1_2' title="bbox 722 517 724 530; baseline 0 0"><span class='ocrx_word' id='word_1_2' title='bbox 722 517 724 530; x_wconf 93' lang='lat' dir='ltr'>l</span> 
     </span>
    </p>
   </div>
   <div class='ocr_carea' id='block_1_2' title="bbox 275 594 1446 1375">
    <p class='ocr_par' dir='ltr' id='par_1_2' title="bbox 275 594 1446 1375">
     <span class='ocr_line' id='line_1_3' title="bbox 277 594 1444 683; baseline -0.001 -19"><span class='ocrx_word' id='word_1_3' title='bbox 277 601 471 683; x_wconf 89' lang='lat' dir='ltr'>perpetuum</span> <span class='ocrx_word' id='word_1_4' title='bbox 488 594 616 664; x_wconf 88' lang='lat' dir='ltr'>videtur</span> <span class='ocrx_word' id='word_1_5' title='bbox 637 595 823 662; x_wconf 89' lang='lat' dir='ltr'>abstractus</span> <span class='ocrx_word' id='word_1_6' title='bbox 839 613 911 677; x_wconf 86' lang='lat' dir='ltr'>esse</span> <span class='ocrx_word' id='word_1_7' title='bbox 928 594 968 661; x_wconf 86' lang='lat' dir='ltr'>ab</span> <span class='ocrx_word' id='word_1_8' title='bbox 985 595 1185 662; x_wconf 89' lang='lat' dir='ltr'>curiosorum</span> <span class='ocrx_word' id='word_1_9' title='bbox 1203 595 1316 663; x_wconf 90' lang='lat' dir='ltr'>oculis.</span> <span class='ocrx_word' id='word_1_10' title='bbox 1343 594 1444 676; x_wconf 83' lang='lat' dir='ltr'><strong>Quem</strong></span> 
     </span>
     <span class='ocr_line' id='line_1_4' title="bbox 279 713 1443 798; baseline 0.002 -18"><span class='ocrx_word' id='word_1_11' title='bbox 279 714 427 798; x_wconf 86' lang='lat' dir='ltr'>equidem</span> <span class='ocrx_word' id='word_1_12' title='bbox 459 714 656 797; x_wconf 83' lang='lat' dir='ltr'>quaerebam</span> <span class='ocrx_word' id='word_1_13' title='bbox 685 713 805 795; x_wconf 88' lang='lat' dir='ltr'>ubique</span> <span class='ocrx_word' id='word_1_14' title='bbox 832 713 866 777; x_wconf 92' lang='lat' dir='ltr'>in</span> <span class='ocrx_word' id='word_1_15' title='bbox 893 713 1107 790; x_wconf 80' lang='lat' dir='ltr'>bibliothecis,</span> <span class='ocrx_word' id='word_1_16' title='bbox 1136 714 1245 779; x_wconf 91' lang='lat' dir='ltr'>inveni</span> <span class='ocrx_word' id='word_1_17' title='bbox 1271 733 1443 797; x_wconf 84' lang='lat' dir='ltr'><strong>nusquam.</strong></span> 
     </span>
     <span class='ocr_line' id='line_1_5' title="bbox 276 828 1446 911; baseline 0 -15"><span class='ocrx_word' id='word_1_18' title='bbox 276 832 430 897; x_wconf 89' lang='lat' dir='ltr'>Inventus</span> <span class='ocrx_word' id='word_1_19' title='bbox 461 837 570 895; x_wconf 89' lang='lat' dir='ltr'>tamen</span> <span class='ocrx_word' id='word_1_20' title='bbox 600 836 650 898; x_wconf 88' lang='lat' dir='ltr'>est</span> <span class='ocrx_word' id='word_1_21' title='bbox 680 828 721 893; x_wconf 85' lang='lat' dir='ltr'>ab</span> <span class='ocrx_word' id='word_1_22' title='bbox 750 829 814 893; x_wconf 92' lang='lat' dir='ltr'>alio</span> <span class='ocrx_word' id='word_1_23' title='bbox 845 830 928 894; x_wconf 90' lang='lat' dir='ltr'>alter</span> <span class='ocrx_word' id='word_1_24' title='bbox 959 828 1070 905; x_wconf 80' lang='lat' dir='ltr'>codex,</span> <span class='ocrx_word' id='word_1_25' title='bbox 1101 830 1156 911; x_wconf 92' lang='lat' dir='ltr'>qui</span> <span class='ocrx_word' id='word_1_26' title='bbox 1186 830 1329 895; x_wconf 89' lang='lat' dir='ltr'>continet</span> <span class='ocrx_word' id='word_1_27' title='bbox 1355 831 1446 896; x_wconf 90' lang='lat' dir='ltr'>illum</span> 
     </span>
     <span class='ocr_line' id='line_1_6' title="bbox 277 943 1445 1027; baseline 0 -16"><span class='ocrx_word' id='word_1_28' title='bbox 277 947 395 1011; x_wconf 90' lang='lat' dir='ltr'>librum</span> <span class='ocrx_word' id='word_1_29' title='bbox 418 945 446 1011; x_wconf 94' lang='lat' dir='ltr'>si</span> <span class='ocrx_word' id='word_1_30' title='bbox 469 964 534 1011; x_wconf 92' lang='lat' dir='ltr'>non</span> <span class='ocrx_word' id='word_1_31' title='bbox 556 946 718 1027; x_wconf 92' lang='lat' dir='ltr'>integrum</span> <span class='ocrx_word' id='word_1_32' title='bbox 745 952 834 1009; x_wconf 91' lang='lat' dir='ltr'>certe</span> <span class='ocrx_word' id='word_1_33' title='bbox 858 950 972 1009; x_wconf 91' lang='lat' dir='ltr'>totum.</span> <span class='ocrx_word' id='word_1_34' title='bbox 1021 943 1179 1022; x_wconf 85' lang='lat' dir='ltr'>Quicum</span> <span class='ocrx_word' id='word_1_35' title='bbox 1206 944 1302 1009; x_wconf 92' lang='lat' dir='ltr'>hodie</span> <span class='ocrx_word' id='word_1_36' title='bbox 1332 946 1445 1011; x_wconf 91' lang='lat' dir='ltr'>unicus</span> 
     </span>
     <span class='ocr_line' id='line_1_7' title="bbox 277 1060 1444 1144; baseline -0.001 -17"><span class='ocrx_word' id='word_1_37' title='bbox 277 1063 320 1128; x_wconf 91' lang='lat' dir='ltr'>sit</span> <span class='ocrx_word' id='word_1_38' title='bbox 344 1062 444 1127; x_wconf 83' lang='lat' dir='ltr'>codex</span> <span class='ocrx_word' id='word_1_39' title='bbox 468 1063 522 1144; x_wconf 92' lang='lat' dir='ltr'>qui</span> <span class='ocrx_word' id='word_1_40' title='bbox 546 1069 649 1126; x_wconf 91' lang='lat' dir='ltr'>totum</span> <span class='ocrx_word' id='word_1_41' title='bbox 671 1062 808 1143; x_wconf 90' lang='lat' dir='ltr'>praehet</span> <span class='ocrx_word' id='word_1_42' title='bbox 822 1061 1027 1136; x_wconf 84' lang='lat' dir='ltr'>Antoninum,</span> <span class='ocrx_word' id='word_1_43' title='bbox 1052 1060 1297 1142; x_wconf 82' lang='lat' dir='ltr'>diligentissime</span> <span class='ocrx_word' id='word_1_44' title='bbox 1318 1061 1444 1126; x_wconf 89' lang='lat' dir='ltr'>anobis</span> 
     </span>
     <span class='ocr_line' id='line_1_8' title="bbox 278 1177 1443 1244; baseline -0.001 -2"><span class='ocrx_word' id='word_1_45' title='bbox 278 1178 494 1244; x_wconf 89' lang='lat' dir='ltr'>describetur:</span> <span class='ocrx_word' id='word_1_46' title='bbox 523 1178 658 1244; x_wconf 83' lang='lat' dir='ltr'>vidimus</span> <span class='ocrx_word' id='word_1_47' title='bbox 682 1178 767 1242; x_wconf 92' lang='lat' dir='ltr'>enim</span> <span class='ocrx_word' id='word_1_48' title='bbox 792 1183 825 1242; x_wconf 89' lang='lat' dir='ltr'>et</span> <span class='ocrx_word' id='word_1_49' title='bbox 845 1178 929 1241; x_wconf 93' lang='lat' dir='ltr'>hunc</span> <span class='ocrx_word' id='word_1_50' title='bbox 945 1183 978 1240; x_wconf 92' lang='lat' dir='ltr'>et</span> <span class='ocrx_word' id='word_1_51' title='bbox 994 1184 1119 1242; x_wconf 90' lang='lat' dir='ltr'>ceteros</span> <span class='ocrx_word' id='word_1_52' title='bbox 1136 1177 1264 1242; x_wconf 87' lang='lat' dir='ltr'>codices</span> <span class='ocrx_word' id='word_1_53' title='bbox 1279 1177 1313 1242; x_wconf 91' lang='lat' dir='ltr'>in</span> <span class='ocrx_word' id='word_1_54' title='bbox 1328 1178 1443 1242; x_wconf 90' lang='lat' dir='ltr'>itinere</span> 
     </span>
     <span class='ocr_line' id='line_1_9' title="bbox 275 1291 735 1375; baseline 0.009 -19"><span class='ocrx_word' id='word_1_55' title='bbox 275 1312 335 1375; x_wconf 89' lang='lat' dir='ltr'>per</span> <span class='ocrx_word' id='word_1_56' title='bbox 359 1293 487 1359; x_wconf 88' lang='lat' dir='ltr'>ltaliam</span> <span class='ocrx_word' id='word_1_57' title='bbox 511 1311 614 1375; x_wconf 83' lang='lat' dir='ltr'>nuper</span> <span class='ocrx_word' id='word_1_58' title='bbox 637 1291 735 1360; x_wconf 89' lang='lat' dir='ltr'>iacto.</span> 
     </span>
    </p>
   </div>
   <div class='ocr_carea' id='block_1_3' title="bbox 364 1403 1443 1605">
    <p class='ocr_par' dir='ltr' id='par_1_3' title="bbox 364 1403 1443 1605">
     <span class='ocr_line' id='line_1_10' title="bbox 656 1403 1070 1485; baseline -0.014 -10"><span class='ocrx_word' id='word_1_59' title='bbox 656 1408 675 1475; x_wconf 95' lang='grc' dir='ltr'>Ι.</span> <span class='ocrx_word' id='word_1_60' title='bbox 688 1405 807 1485; x_wconf 62' lang='lat' dir='ltr'>‚codex</span> <span class='ocrx_word' id='word_1_61' title='bbox 831 1403 1007 1475; x_wconf 78' lang='lat' dir='ltr'>Vaticanus</span> <span class='ocrx_word' id='word_1_62' title='bbox 1029 1404 1070 1469; x_wconf 89' lang='lat' dir='ltr'>A.</span> 
     </span>
     <span class='ocr_line' id='line_1_11' title="bbox 364 1507 1443 1605; baseline -0.004 -17"><span class='ocrx_word' id='word_1_63' title='bbox 364 1523 464 1588; x_wconf 83' lang='lat' dir='ltr'>Extat</span> <span class='ocrx_word' id='word_1_64' title='bbox 486 1522 586 1605; x_wconf 87' lang='lat' dir='ltr'>igitur</span> <span class='ocrx_word' id='word_1_65' title='bbox 609 1507 823 1604; x_wconf 56' lang='lat' dir='ltr'>invaticana,</span> <span class='ocrx_word' id='word_1_66' title='bbox 847 1519 1037 1586; x_wconf 86' lang='lat' dir='ltr'>inscribitur</span> <span class='ocrx_word' id='word_1_67' title='bbox 1060 1520 1263 1596; x_wconf 85' lang='lat' dir='ltr'>num.1950‚</span> <span class='ocrx_word' id='word_1_68' title='bbox 1288 1539 1347 1585; x_wconf 93' lang='lat' dir='ltr'>nos</span> <span class='ocrx_word' id='word_1_69' title='bbox 1371 1538 1443 1584; x_wconf 91' lang='lat' dir='ltr'>eum</span> 
     </span>
    </p>
   </div>
   <div class='ocr_carea' id='block_1_4' title="bbox 213 1625 1445 3806">
    <p class='ocr_par' dir='ltr' id='par_1_4' title="bbox 213 1625 1445 3342">
     <span class='ocr_line' id='line_1_12' title="bbox 278 1625 1444 1721; baseline -0.002 -18"><span class='ocrx_word' id='word_1_70' title='bbox 278 1638 459 1721; x_wconf 88' lang='lat' dir='ltr'>compendii</span> <span class='ocrx_word' id='word_1_71' title='bbox 482 1655 581 1702; x_wconf 86' lang='lat' dir='ltr'>eausa</span> <span class='ocrx_word' id='word_1_72' title='bbox 605 1625 806 1720; x_wconf 85' lang='lat' dir='ltr'>appellamus</span> <span class='ocrx_word' id='word_1_73' title='bbox 830 1637 873 1701; x_wconf 82' lang='lat' dir='ltr'>A.</span> <span class='ocrx_word' id='word_1_74' title='bbox 915 1636 1027 1702; x_wconf 76' lang='lat' dir='ltr'>Codex·</span> <span class='ocrx_word' id='word_1_75' title='bbox 1047 1644 1098 1701; x_wconf 87' lang='lat' dir='ltr'>est</span> <span class='ocrx_word' id='word_1_76' title='bbox 1120 1636 1341 1719; x_wconf 88' lang='lat' dir='ltr'>bombycinus,</span> <span class='ocrx_word' id='word_1_77' title='bbox 1364 1636 1444 1701; x_wconf 91' lang='lat' dir='ltr'>satis</span> 
     </span>
     <span class='ocr_line' id='line_1_13' title="bbox 276 1752 1444 1837; baseline -0.002 -18"><span class='ocrx_word' id='word_1_78' title='bbox 276 1772 422 1837; x_wconf 86' lang='lat' dir='ltr'>magnus,</span> <span class='ocrx_word' id='word_1_79' title='bbox 446 1761 483 1819; x_wconf 92' lang='lat' dir='ltr'>ut</span> <span class='ocrx_word' id='word_1_80' title='bbox 504 1754 561 1835; x_wconf 92' lang='lat' dir='ltr'>qui</span> <span class='ocrx_word' id='word_1_81' title='bbox 583 1753 748 1818; x_wconf 89' lang='lat' dir='ltr'>contiueat</span> <span class='ocrx_word' id='word_1_82' title='bbox 769 1753 836 1818; x_wconf 78' lang='lat'>545</span> <span class='ocrx_word' id='word_1_83' title='bbox 858 1752 937 1817; x_wconf 89' lang='lat' dir='ltr'>folia</span> <span class='ocrx_word' id='word_1_84' title='bbox 958 1754 1001 1817; x_wconf 81' lang='lat'>23</span> <span class='ocrx_word' id='word_1_85' title='bbox 1014 1762 1048 1791; x_wconf 79' lang='lat'>⁰¹¹¹</span> <span class='ocrx_word' id='word_1_86' title='bbox 1071 1753 1105 1817; x_wconf 92' lang='lat' dir='ltr'>in</span> <span class='ocrx_word' id='word_1_87' title='bbox 1129 1753 1333 1818; x_wconf 90' lang='lat' dir='ltr'>altitudinem</span> <span class='ocrx_word' id='word_1_88' title='bbox 1358 1753 1398 1822; x_wconf 78' lang='lat'>15</span> <span class='ocrx_word' id='word_1_89' title='bbox 1411 1761 1444 1790; x_wconf 81' lang='lat'>⁰¹¹¹</span> 
     </span>
     <span class='ocr_line' id='line_1_14' title="bbox 274 1868 1444 1950; baseline 0 -16"><span class='ocrx_word' id='word_1_90' title='bbox 274 1871 309 1936; x_wconf 93' lang='lat' dir='ltr'>in</span> <span class='ocrx_word' id='word_1_91' title='bbox 341 1870 554 1945; x_wconf 88' lang='lat' dir='ltr'>latitudinem,</span> <span class='ocrx_word' id='word_1_92' title='bbox 589 1869 650 1935; x_wconf 94' lang='lat' dir='ltr'>hoc</span> <span class='ocrx_word' id='word_1_93' title='bbox 683 1875 734 1934; x_wconf 91' lang='lat' dir='ltr'>est</span> <span class='ocrx_word' id='word_1_94' title='bbox 765 1868 891 1935; x_wconf 83' lang='lat' dir='ltr'>formae</span> <span class='ocrx_word' id='word_1_95' title='bbox 926 1875 1058 1934; x_wconf 86' lang='lat' dir='ltr'>octavae</span> <span class='ocrx_word' id='word_1_96' title='bbox 1093 1868 1239 1947; x_wconf 86' lang='lat' dir='ltr'>maioris;</span> <span class='ocrx_word' id='word_1_97' title='bbox 1280 1869 1444 1950; x_wconf 82' lang='lat' dir='ltr'>margines</span> 
     </span>
     <span class='ocr_line' id='line_1_15' title="bbox 276 1984 1445 2080; baseline -0.003 -29"><span class='ocrx_word' id='word_1_98' title='bbox 276 1987 376 2052; x_wconf 88' lang='lat' dir='ltr'>habet</span> <span class='ocrx_word' id='word_1_99' title='bbox 398 1988 492 2080; x_wconf 87' lang='lat' dir='ltr'>latos,</span> <span class='ocrx_word' id='word_1_100' title='bbox 522 1986 626 2051; x_wconf 90' lang='lat' dir='ltr'>lineas</span> <span class='ocrx_word' id='word_1_101' title='bbox 649 1984 720 2050; x_wconf 84' lang='lat' dir='ltr'>fere</span> <span class='ocrx_word' id='word_1_102' title='bbox 742 1986 786 2051; x_wconf 83' lang='lat'>30</span> <span class='ocrx_word' id='word_1_103' title='bbox 807 2005 913 2068; x_wconf 91' lang='lat' dir='ltr'>neque</span> <span class='ocrx_word' id='word_1_104' title='bbox 940 1994 1049 2051; x_wconf 89' lang='lat' dir='ltr'>tamen</span> <span class='ocrx_word' id='word_1_105' title='bbox 1078 1991 1259 2050; x_wconf 88' lang='lat' dir='ltr'>atramento</span> <span class='ocrx_word' id='word_1_106' title='bbox 1287 1993 1344 2052; x_wconf 89' lang='lat' dir='ltr'>aut</span> <span class='ocrx_word' id='word_1_107' title='bbox 1369 1985 1445 2050; x_wconf 92' lang='lat' dir='ltr'>stilo</span> 
     </span>
     <span class='ocr_line' id='line_1_16' title="bbox 278 2099 1443 2184; baseline -0.002 -18"><span class='ocrx_word' id='word_1_108' title='bbox 278 2120 461 2184; x_wconf 87' lang='lat' dir='ltr'>expressas.</span> <span class='ocrx_word' id='word_1_109' title='bbox 511 2102 658 2184; x_wconf 80' lang='lat' dir='ltr'>Scriptus</span> <span class='ocrx_word' id='word_1_110' title='bbox 682 2110 732 2166; x_wconf 91' lang='lat' dir='ltr'>est</span> <span class='ocrx_word' id='word_1_111' title='bbox 755 2102 886 2166; x_wconf 85' lang='lat' dir='ltr'>saeculo</span> <span class='ocrx_word' id='word_1_112' title='bbox 908 2102 983 2166; x_wconf 85' lang='lat' dir='ltr'>XIV</span> <span class='ocrx_word' id='word_1_113' title='bbox 998 2101 1038 2182; x_wconf 87' lang='lat'>1);</span> <span class='ocrx_word' id='word_1_114' title='bbox 1069 2100 1195 2165; x_wconf 87' lang='lat' dir='ltr'>invenis</span> <span class='ocrx_word' id='word_1_115' title='bbox 1223 2099 1307 2162; x_wconf 92' lang='lat' dir='ltr'>enim</span> <span class='ocrx_word' id='word_1_116' title='bbox 1330 2122 1349 2170; x_wconf 79' lang='grc' dir='ltr'><em>η</em></span> <span class='ocrx_word' id='word_1_117' title='bbox 1372 2115 1443 2164; x_wconf 90' lang='lat' dir='ltr'>eum</span> 
     </span>
     <span class='ocr_line' id='line_1_17' title="bbox 275 2213 1444 2301; baseline -0.004 -19"><span class='ocrx_word' id='word_1_118' title='bbox 275 2219 435 2301; x_wconf 87' lang='lat' dir='ltr'>producta</span> <span class='ocrx_word' id='word_1_119' title='bbox 466 2218 666 2299; x_wconf 90' lang='lat' dir='ltr'>aliquantum</span> <span class='ocrx_word' id='word_1_120' title='bbox 695 2224 789 2299; x_wconf 85' lang='lat' dir='ltr'>parte</span> <span class='ocrx_word' id='word_1_121' title='bbox 823 2216 1015 2298; x_wconf 88' lang='lat' dir='ltr'>posteriore,</span> <span class='ocrx_word' id='word_1_122' title='bbox 1048 2214 1175 2279; x_wconf 89' lang='lat' dir='ltr'>invenis</span> <span class='ocrx_word' id='word_1_123' title='bbox 1211 2213 1310 2276; x_wconf 90' lang='lat' dir='ltr'>etiam</span> <span class='ocrx_word' id='word_1_124' title='bbox 1344 2230 1444 2294; x_wconf 91' lang='lat' dir='ltr'>supra</span> 
     </span>
     <span class='ocr_line' id='line_1_18' title="bbox 277 2301 1443 2414; baseline -0.001 -19"><span class='ocrx_word' id='word_1_125' title='bbox 277 2360 288 2395; x_wconf 83' lang='grc' dir='ltr'>ι</span> <span class='ocrx_word' id='word_1_126' title='bbox 312 2340 344 2398; x_wconf 92' lang='lat' dir='ltr'>et</span> <span class='ocrx_word' id='word_1_127' title='bbox 369 2359 388 2395; x_wconf 78' lang='lat' dir='ltr'>a</span> <span class='ocrx_word' id='word_1_128' title='bbox 405 2301 509 2397; x_wconf 79' lang='lat' dir='ltr'>iunum</span> <span class='ocrx_word' id='word_1_129' title='bbox 532 2338 696 2414; x_wconf 89' lang='lat' dir='ltr'>punctum,</span> <span class='ocrx_word' id='word_1_130' title='bbox 726 2345 833 2413; x_wconf 92' lang='lat' dir='ltr'>neque</span> <span class='ocrx_word' id='word_1_131' title='bbox 859 2330 1085 2413; x_wconf 82' lang='lat' dir='ltr'>neglegentiae</span> <span class='ocrx_word' id='word_1_132' title='bbox 1112 2330 1173 2394; x_wconf 91' lang='lat' dir='ltr'>boc</span> <span class='ocrx_word' id='word_1_133' title='bbox 1199 2344 1271 2394; x_wconf 88' lang='lat' dir='ltr'>esse</span> <span class='ocrx_word' id='word_1_134' title='bbox 1302 2326 1443 2394; x_wconf 89' lang='lat' dir='ltr'>dandum</span> 
     </span>
     <span class='ocr_line' id='line_1_19' title="bbox 275 2442 1443 2532; baseline -0.006 -19"><span class='ocrx_word' id='word_1_135' title='bbox 275 2455 426 2532; x_wconf 89' lang='lat' dir='ltr'>putamus</span> <span class='ocrx_word' id='word_1_136' title='bbox 449 2449 495 2514; x_wconf 90' lang='lat' dir='ltr'>ita</span> <span class='ocrx_word' id='word_1_137' title='bbox 518 2455 554 2512; x_wconf 94' lang='lat' dir='ltr'>ut</span> <span class='ocrx_word' id='word_1_138' title='bbox 570 2447 633 2512; x_wconf 92' lang='lat' dir='ltr'>duo</span> <span class='ocrx_word' id='word_1_139' title='bbox 649 2447 682 2511; x_wconf 95' lang='lat' dir='ltr'>in</span> <span class='ocrx_word' id='word_1_140' title='bbox 698 2463 797 2511; x_wconf 89' lang='lat' dir='ltr'>unum</span> <span class='ocrx_word' id='word_1_141' title='bbox 814 2446 1027 2512; x_wconf 86' lang='lat' dir='ltr'>confluxerint</span> <span class='ocrx_word' id='word_1_142' title='bbox 1042 2443 1238 2527; x_wconf 78' lang='lat' dir='ltr'>punctum.²)</span> <span class='ocrx_word' id='word_1_143' title='bbox 1272 2442 1443 2509; x_wconf 76' lang='lat' dir='ltr'>Ut&#39;autem</span> 
     </span>
     <span class='ocr_line' id='line_1_20' title="bbox 276 2559 1441 2646; baseline -0.007 -16"><span class='ocrx_word' id='word_1_144' title='bbox 276 2564 418 2630; x_wconf 87' lang='lat' dir='ltr'>dubitari</span> <span class='ocrx_word' id='word_1_145' title='bbox 440 2570 557 2646; x_wconf 86' lang='lat' dir='ltr'>potest,</span> <span class='ocrx_word' id='word_1_146' title='bbox 580 2581 656 2627; x_wconf 93' lang='lat' dir='ltr'>num</span> <span class='ocrx_word' id='word_1_147' title='bbox 682 2570 768 2629; x_wconf 91' lang='lat' dir='ltr'>totus</span> <span class='ocrx_word' id='word_1_148' title='bbox 793 2562 894 2628; x_wconf 90' lang='lat' dir='ltr'>codex</span> <span class='ocrx_word' id='word_1_149' title='bbox 917 2561 1030 2626; x_wconf 89' lang='lat' dir='ltr'>eadem</span> <span class='ocrx_word' id='word_1_150' title='bbox 1052 2580 1150 2627; x_wconf 90' lang='lat' dir='ltr'>manu</span> <span class='ocrx_word' id='word_1_151' title='bbox 1174 2560 1216 2626; x_wconf 89' lang='lat' dir='ltr'>sit</span> <span class='ocrx_word' id='word_1_152' title='bbox 1230 2559 1441 2641; x_wconf 77' lang='lat' dir='ltr'>perscriptus</span> 
     </span>
     <span class='ocr_line' id='line_1_21' title="bbox 275 2655 1442 2757; baseline -0.005 -13"><span class='ocrx_word' id='word_1_153' title='bbox 275 2655 322 2745; x_wconf 90' lang='lat' dir='ltr'>ita</span> <span class='ocrx_word' id='word_1_154' title='bbox 345 2680 407 2744; x_wconf 92' lang='lat' dir='ltr'>boc</span> <span class='ocrx_word' id='word_1_155' title='bbox 430 2686 554 2745; x_wconf 89' lang='lat' dir='ltr'>certum</span> <span class='ocrx_word' id='word_1_156' title='bbox 577 2680 706 2746; x_wconf 85' lang='lat' dir='ltr'>videtur</span> <span class='ocrx_word' id='word_1_157' title='bbox 729 2698 802 2745; x_wconf 88' lang='lat' dir='ltr'>esse</span> <span class='ocrx_word' id='word_1_158' title='bbox 824 2679 870 2743; x_wconf 89' lang='lat' dir='ltr'>M.</span> <span class='ocrx_word' id='word_1_159' title='bbox 892 2678 1047 2743; x_wconf 81' lang='lat' dir='ltr'>Antonini</span> <span class='ocrx_word' id='word_1_160' title='bbox 1069 2677 1169 2744; x_wconf 90' lang='lat' dir='ltr'>libros</span> <span class='ocrx_word' id='word_1_161' title='bbox 1194 2693 1264 2741; x_wconf 91' lang='lat' dir='ltr'>cum</span> <span class='ocrx_word' id='word_1_162' title='bbox 1290 2675 1338 2740; x_wconf 90' lang='lat' dir='ltr'>eis</span> <span class='ocrx_word' id='word_1_163' title='bbox 1360 2691 1442 2757; x_wconf 91' lang='lat' dir='ltr'>quae</span> 
     </span>
     <span class='ocr_line' id='line_1_22' title="bbox 213 2795 1441 2878; baseline -0.004 -18"><span class='ocrx_word' id='word_1_164' title='bbox 213 2798 216 2805; x_wconf 87' lang='lat'>&#39;</span> <span class='ocrx_word' id='word_1_165' title='bbox 275 2795 420 2878; x_wconf 87' lang='lat' dir='ltr'>proxime</span> <span class='ocrx_word' id='word_1_166' title='bbox 444 2795 640 2861; x_wconf 90' lang='lat' dir='ltr'>antecedunt</span> <span class='ocrx_word' id='word_1_167' title='bbox 663 2813 810 2878; x_wconf 90' lang='lat' dir='ltr'>quaeque</span> <span class='ocrx_word' id='word_1_168' title='bbox 834 2795 985 2859; x_wconf 91' lang='lat' dir='ltr'>contiuuo</span> <span class='ocrx_word' id='word_1_169' title='bbox 1006 2802 1185 2875; x_wconf 84' lang='lat' dir='ltr'>sequuntur</span> <span class='ocrx_word' id='word_1_170' title='bbox 1202 2798 1353 2858; x_wconf 90' lang='lat' dir='ltr'>exaratos</span> <span class='ocrx_word' id='word_1_171' title='bbox 1369 2809 1441 2858; x_wconf 88' lang='lat' dir='ltr'>esse</span> 
     </span>
     <span class='ocr_line' id='line_1_23' title="bbox 276 2907 1439 2994; baseline -0.005 -18"><span class='ocrx_word' id='word_1_172' title='bbox 276 2911 317 2976; x_wconf 92' lang='lat' dir='ltr'>ab</span> <span class='ocrx_word' id='word_1_173' title='bbox 334 2911 447 2976; x_wconf 91' lang='lat' dir='ltr'>eodem</span> <span class='ocrx_word' id='word_1_174' title='bbox 462 2911 614 2994; x_wconf 69' lang='lat' dir='ltr'>scribsi)</span> <span class='ocrx_word' id='word_1_175' title='bbox 644 2911 795 2977; x_wconf 84' lang='lat' dir='ltr'>Oontinet</span> <span class='ocrx_word' id='word_1_176' title='bbox 810 2912 896 2976; x_wconf 91' lang='lat' dir='ltr'>enim</span> <span class='ocrx_word' id='word_1_177' title='bbox 911 2912 1074 2994; x_wconf 83' lang='lat' dir='ltr'>permulta</span> <span class='ocrx_word' id='word_1_178' title='bbox 1089 2928 1127 2975; x_wconf 90' lang='lat' dir='ltr'>ac</span> <span class='ocrx_word' id='word_1_179' title='bbox 1143 2910 1294 2991; x_wconf 83' lang='lat' dir='ltr'>perraria</span> <span class='ocrx_word' id='word_1_180' title='bbox 1309 2907 1439 2989; x_wconf 85' lang='lat' dir='ltr'>scripta,</span> 
     </span>
     <span class='ocr_line' id='line_1_24' title="bbox 276 3023 1440 3110; baseline -0.004 -17"><span class='ocrx_word' id='word_1_181' title='bbox 276 3028 364 3093; x_wconf 91' lang='lat' dir='ltr'>velut</span> <span class='ocrx_word' id='word_1_182' title='bbox 375 3028 631 3110; x_wconf 85' lang='lat' dir='ltr'>Xenophontem,</span> <span class='ocrx_word' id='word_1_183' title='bbox 649 3028 735 3110; x_wconf 90' lang='lat' dir='ltr'>quod</span> <span class='ocrx_word' id='word_1_184' title='bbox 748 3028 898 3110; x_wconf 88' lang='lat' dir='ltr'>equidem</span> <span class='ocrx_word' id='word_1_185' title='bbox 911 3027 1046 3093; x_wconf 86' lang='lat' dir='ltr'>viderim</span> <span class='ocrx_word' id='word_1_186' title='bbox 1058 3034 1170 3102; x_wconf 91' lang='lat' dir='ltr'>totum,</span> <span class='ocrx_word' id='word_1_187' title='bbox 1188 3041 1283 3108; x_wconf 91' lang='lat' dir='ltr'>quem</span> <span class='ocrx_word' id='word_1_188' title='bbox 1294 3023 1440 3106; x_wconf 87' lang='lat' dir='ltr'>sequitur</span> 
     </span>
     <span class='ocr_line' id='line_1_25' title="bbox 276 3140 1442 3227; baseline 0.001 -20"><span class='ocrx_word' id='word_1_189' title='bbox 276 3143 467 3222; x_wconf 81' lang='lat' dir='ltr'>Antoninus,</span> <span class='ocrx_word' id='word_1_190' title='bbox 492 3150 559 3209; x_wconf 90' lang='lat' dir='ltr'>tum</span> <span class='ocrx_word' id='word_1_191' title='bbox 571 3144 714 3227; x_wconf 84' lang='lat' dir='ltr'>Epicteti</span> <span class='ocrx_word' id='word_1_192' title='bbox 729 3145 895 3227; x_wconf 90' lang='lat' dir='ltr'>exemplar</span> <span class='ocrx_word' id='word_1_193' title='bbox 908 3144 1138 3219; x_wconf 82' lang='lat' dir='ltr'>Christianum,</span> <span class='ocrx_word' id='word_1_194' title='bbox 1162 3141 1249 3224; x_wconf 91' lang='lat' dir='ltr'>quod</span> <span class='ocrx_word' id='word_1_195' title='bbox 1263 3140 1442 3223; x_wconf 81' lang='lat' dir='ltr'>paullulum</span> 
     </span>
     <span class='ocr_line' id='line_1_26' title="bbox 226 3254 1440 3342; baseline -0.002 -20"><span class='ocrx_word' id='word_1_196' title='bbox 226 3271 229 3275; x_wconf 54' lang='lat'><strong><em>⁴</em></strong></span> <span class='ocrx_word' id='word_1_197' title='bbox 278 3258 433 3324; x_wconf 89' lang='lat' dir='ltr'>abhorret</span> <span class='ocrx_word' id='word_1_198' title='bbox 456 3260 497 3325; x_wconf 92' lang='lat' dir='ltr'>ab</span> <span class='ocrx_word' id='word_1_199' title='bbox 520 3278 569 3336; x_wconf 90' lang='lat' dir='ltr'>eo,</span> <span class='ocrx_word' id='word_1_200' title='bbox 598 3259 684 3342; x_wconf 92' lang='lat' dir='ltr'>quod</span> <span class='ocrx_word' id='word_1_201' title='bbox 706 3260 992 3342; x_wconf 83' lang='lat' dir='ltr'>Schweighaeuser</span> <span class='ocrx_word' id='word_1_202' title='bbox 1020 3258 1122 3324; x_wconf 90' lang='lat' dir='ltr'>edidit</span> <span class='ocrx_word' id='word_1_203' title='bbox 1148 3258 1182 3322; x_wconf 90' lang='lat' dir='ltr'>in</span> <span class='ocrx_word' id='word_1_204' title='bbox 1209 3257 1262 3322; x_wconf 88' lang='lat' dir='ltr'>ed.</span> <span class='ocrx_word' id='word_1_205' title='bbox 1288 3254 1440 3338; x_wconf 83' lang='lat' dir='ltr'>Epicteti.</span> 
     </span>
    </p>

    <p class='ocr_par' dir='ltr' id='par_1_5' title="bbox 222 3371 1444 3806">
     <span class='ocr_line' id='line_1_27' title="bbox 309 3371 1444 3459; baseline -0.001 -25"><span class='ocrx_word' id='word_1_206' title='bbox 309 3425 314 3434; x_wconf 93' lang='lat'>.</span> <span class='ocrx_word' id='word_1_207' title='bbox 365 3372 575 3458; x_wconf 89' lang='lat' dir='ltr'>Diligentiam</span> <span class='ocrx_word' id='word_1_208' title='bbox 599 3376 768 3459; x_wconf 87' lang='lat' dir='ltr'>scriptoris</span> <span class='ocrx_word' id='word_1_209' title='bbox 790 3376 917 3441; x_wconf 87' lang='lat' dir='ltr'>invenis</span> <span class='ocrx_word' id='word_1_210' title='bbox 939 3395 1042 3458; x_wconf 88' lang='lat' dir='ltr'>prope</span> <span class='ocrx_word' id='word_1_211' title='bbox 1065 3375 1199 3440; x_wconf 90' lang='lat' dir='ltr'>nullam.</span> <span class='ocrx_word' id='word_1_212' title='bbox 1235 3372 1282 3437; x_wconf 87' lang='lat' dir='ltr'>Ac</span> <span class='ocrx_word' id='word_1_213' title='bbox 1302 3371 1444 3453; x_wconf 91' lang='lat' dir='ltr'>primum</span> 
     </span>
     <span class='ocr_line' id='line_1_28' title="bbox 277 3484 1444 3573; baseline -0.006 -18"><span class='ocrx_word' id='word_1_214' title='bbox 277 3490 407 3572; x_wconf 91' lang='lat' dir='ltr'>quidem</span> <span class='ocrx_word' id='word_1_215' title='bbox 432 3493 534 3557; x_wconf 89' lang='lat' dir='ltr'>omnis</span> <span class='ocrx_word' id='word_1_216' title='bbox 558 3492 651 3557; x_wconf 89' lang='lat' dir='ltr'>deest</span> <span class='ocrx_word' id='word_1_217' title='bbox 671 3493 786 3558; x_wconf 89' lang='lat' dir='ltr'>titulus</span> <span class='ocrx_word' id='word_1_218' title='bbox 808 3493 966 3558; x_wconf 90' lang='lat' dir='ltr'>librorum</span> <span class='ocrx_word' id='word_1_219' title='bbox 979 3492 1093 3568; x_wconf 89' lang='lat' dir='ltr'>Marci,</span> <span class='ocrx_word' id='word_1_220' title='bbox 1117 3509 1212 3573; x_wconf 88' lang='lat' dir='ltr'>quem</span> <span class='ocrx_word' id='word_1_221' title='bbox 1227 3489 1327 3553; x_wconf 91' lang='lat' dir='ltr'>ruhro</span> <span class='ocrx_word' id='word_1_222' title='bbox 1343 3484 1444 3566; x_wconf 83' lang='lat' dir='ltr'>luisse</span> 
     </span>
     <span class='ocr_line' id='line_1_29' title="bbox 222 3596 1442 3692; baseline -0.006 -20"><span class='ocrx_word' id='word_1_223' title='bbox 222 3596 234 3620; x_wconf 76' lang='lat'>&#39;</span> <span class='ocrx_word' id='word_1_224' title='bbox 279 3607 464 3673; x_wconf 90' lang='lat' dir='ltr'>additurum</span> <span class='ocrx_word' id='word_1_225' title='bbox 494 3609 686 3690; x_wconf 89' lang='lat' dir='ltr'>scriptorem</span> <span class='ocrx_word' id='word_1_226' title='bbox 717 3618 855 3692; x_wconf 88' lang='lat' dir='ltr'>apparet</span> <span class='ocrx_word' id='word_1_227' title='bbox 884 3628 924 3673; x_wconf 94' lang='lat' dir='ltr'>ex</span> <span class='ocrx_word' id='word_1_228' title='bbox 954 3626 992 3672; x_wconf 92' lang='lat' dir='ltr'>eo</span> <span class='ocrx_word' id='word_1_229' title='bbox 1023 3608 1109 3690; x_wconf 89' lang='lat' dir='ltr'>quod</span> <span class='ocrx_word' id='word_1_230' title='bbox 1137 3606 1278 3688; x_wconf 87' lang='lat' dir='ltr'>spatium</span> <span class='ocrx_word' id='word_1_231' title='bbox 1306 3603 1442 3668; x_wconf 88' lang='lat' dir='ltr'>duarum</span> 
     </span>
     <span class='ocr_line' id='line_1_30' title="bbox 276 3718 1443 3806; baseline -0.003 -19"><span class='ocrx_word' id='word_1_232' title='bbox 276 3722 378 3788; x_wconf 90' lang='lat' dir='ltr'>ferme</span> <span class='ocrx_word' id='word_1_233' title='bbox 400 3724 559 3789; x_wconf 84' lang='lat' dir='ltr'>linearum</span> <span class='ocrx_word' id='word_1_234' title='bbox 583 3725 675 3790; x_wconf 90' lang='lat' dir='ltr'>initio</span> <span class='ocrx_word' id='word_1_235' title='bbox 699 3744 834 3791; x_wconf 88' lang='lat' dir='ltr'>vacuum</span> <span class='ocrx_word' id='word_1_236' title='bbox 857 3733 919 3792; x_wconf 91' lang='lat' dir='ltr'>est.</span> <span class='ocrx_word' id='word_1_237' title='bbox 967 3725 1017 3790; x_wconf 90' lang='lat' dir='ltr'>Ne</span> <span class='ocrx_word' id='word_1_238' title='bbox 1041 3724 1176 3806; x_wconf 91' lang='lat' dir='ltr'>singulis</span> <span class='ocrx_word' id='word_1_239' title='bbox 1198 3720 1328 3803; x_wconf 89' lang='lat' dir='ltr'>quidem</span> <span class='ocrx_word' id='word_1_240' title='bbox 1351 3718 1443 3784; x_wconf 83' lang='lat' dir='ltr'>libris</span> 
     </span>
    </p>
   </div>
   <div class='ocr_carea' id='block_1_5' title="bbox 349 3877 1442 3951">
    <p class='ocr_par' dir='ltr' id='par_1_6' title="bbox 349 3877 1442 3951">
     <span class='ocr_line' id='line_1_31' title="bbox 349 3877 1442 3951; baseline -0.006 -15"><span class='ocrx_word' id='word_1_241' title='bbox 349 3882 369 3951; x_wconf 87' lang='lat'>¹)</span> <span class='ocrx_word' id='word_1_242' title='bbox 387 3881 560 3951; x_wconf 88' lang='lat' dir='ltr'>Barherinus,</span> <span class='ocrx_word' id='word_1_243' title='bbox 579 3881 625 3951; x_wconf 92' lang='lat' dir='ltr'>qui</span> <span class='ocrx_word' id='word_1_244' title='bbox 642 3889 674 3937; x_wconf 89' lang='lat' dir='ltr'>ut</span> <span class='ocrx_word' id='word_1_245' title='bbox 690 3882 741 3937; x_wconf 90' lang='lat' dir='ltr'>boe</span> <span class='ocrx_word' id='word_1_246' title='bbox 754 3882 913 3937; x_wconf 87' lang='lat' dir='ltr'>adminiculo</span> <span class='ocrx_word' id='word_1_247' title='bbox 923 3887 1049 3937; x_wconf 88' lang='lat' dir='ltr'>uteretur</span> <span class='ocrx_word' id='word_1_248' title='bbox 1058 3882 1093 3936; x_wconf 89' lang='lat' dir='ltr'>ad</span> <span class='ocrx_word' id='word_1_249' title='bbox 1103 3893 1179 3936; x_wconf 86' lang='lat' dir='ltr'>suam</span> <span class='ocrx_word' id='word_1_250' title='bbox 1187 3877 1442 3947; x_wconf 85' lang='lat' dir='ltr'>interpretationem</span> 
     </span>
    </p>
   </div>
   <div class='ocr_carea' id='block_1_6' title="bbox 278 3947 1542 4023">
    <p class='ocr_par' dir='ltr' id='par_1_7' title="bbox 278 3947 1542 4023">
     <span class='ocr_line' id='line_1_32' title="bbox 278 3947 1542 4023; baseline -0.001 -17"><span class='ocrx_word' id='word_1_251' title='bbox 278 3952 401 4008; x_wconf 87' lang='lat' dir='ltr'>Italicam</span> <span class='ocrx_word' id='word_1_252' title='bbox 420 3953 514 4008; x_wconf 89' lang='lat' dir='ltr'>abhinc</span> <span class='ocrx_word' id='word_1_253' title='bbox 532 3954 582 4008; x_wconf 55' lang='lat'>00‘</span> <span class='ocrx_word' id='word_1_254' title='bbox 597 3955 655 4009; x_wconf 88' lang='lat' dir='ltr'>fere</span> <span class='ocrx_word' id='word_1_255' title='bbox 677 3971 761 4009; x_wconf 88' lang='lat' dir='ltr'>annos</span> <span class='ocrx_word' id='word_1_256' title='bbox 783 3954 886 4023; x_wconf 89' lang='lat' dir='ltr'>primus</span> <span class='ocrx_word' id='word_1_257' title='bbox 910 3970 970 4008; x_wconf 92' lang='lat' dir='ltr'>eum</span> <span class='ocrx_word' id='word_1_258' title='bbox 992 3953 1117 4022; x_wconf 86' lang='lat' dir='ltr'>inspexit,</span> <span class='ocrx_word' id='word_1_259' title='bbox 1140 3952 1246 4008; x_wconf 89' lang='lat' dir='ltr'>saeculo</span> <span class='ocrx_word' id='word_1_260' title='bbox 1264 3952 1304 4005; x_wconf 92' lang='lat' dir='ltr'>VI</span> <span class='ocrx_word' id='word_1_261' title='bbox 1323 3954 1372 4004; x_wconf 90' lang='lat' dir='ltr'>aut</span> <span class='ocrx_word' id='word_1_262' title='bbox 1388 3947 1442 4002; x_wconf 92' lang='lat' dir='ltr'>VII</span> <span class='ocrx_word' id='word_1_263' title='bbox 1538 3996 1542 4005; x_wconf 88' lang='lat'>.</span> 
     </span>
    </p>
   </div>
   <div class='ocr_carea' id='block_1_7' title="bbox 278 4024 1443 4238">
    <p class='ocr_par' dir='ltr' id='par_1_8' title="bbox 278 4024 1443 4238">
     <span class='ocr_line' id='line_1_33' title="bbox 278 4024 1089 4094; baseline 0.001 -16"><span class='ocrx_word' id='word_1_264' title='bbox 278 4039 338 4079; x_wconf 91' lang='lat' dir='ltr'>eum</span> <span class='ocrx_word' id='word_1_265' title='bbox 355 4024 460 4094; x_wconf 91' lang='lat' dir='ltr'>tribuit,</span> <span class='ocrx_word' id='word_1_266' title='bbox 479 4026 550 4093; x_wconf 89' lang='lat' dir='ltr'>quod</span> <span class='ocrx_word' id='word_1_267' title='bbox 568 4026 702 4080; x_wconf 90' lang='lat' dir='ltr'>condonas</span> <span class='ocrx_word' id='word_1_268' title='bbox 720 4026 779 4081; x_wconf 86' lang='lat' dir='ltr'>viro</span> <span class='ocrx_word' id='word_1_269' title='bbox 797 4024 913 4080; x_wconf 89' lang='lat' dir='ltr'>istorum</span> <span class='ocrx_word' id='word_1_270' title='bbox 931 4031 1089 4094; x_wconf 89' lang='lat' dir='ltr'>temporum.</span> 
     </span>
     <span class='ocr_line' id='line_1_34' title="bbox 349 4096 1398 4180; baseline 0.008 -30"><span class='ocrx_word' id='word_1_271' title='bbox 349 4096 369 4165; x_wconf 87' lang='lat'>¹)</span> <span class='ocrx_word' id='word_1_272' title='bbox 389 4096 420 4179; x_wconf 64' lang='lat' dir='ltr'>ci.</span> <span class='ocrx_word' id='word_1_273' title='bbox 434 4112 463 4180; x_wconf 60' lang='lat' dir='ltr'>J).</span> <span class='ocrx_word' id='word_1_274' title='bbox 482 4098 533 4153; x_wconf 83' lang='lat'>341</span> <span class='ocrx_word' id='word_1_275' title='bbox 553 4097 651 4152; x_wconf 81' lang='lat' dir='ltr'>codicis</span> <span class='ocrx_word' id='word_1_276' title='bbox 670 4105 839 4178; x_wconf 75' lang='grc' dir='ltr'>μαρκὶανοῦ·</span> <span class='ocrx_word' id='word_1_277' title='bbox 1216 4164 1222 4178; x_wconf 39' lang='lat'><em>⁶</em></span> <span class='ocrx_word' id='word_1_278' title='bbox 1391 4160 1398 4173; x_wconf 40' lang='lat'>⁸</span> 
     </span>
     <span class='ocr_line' id='line_1_35' title="bbox 348 4166 1443 4238; baseline -0.006 -16"><span class='ocrx_word' id='word_1_279' title='bbox 348 4168 530 4238; x_wconf 81' lang='lat' dir='ltr'>⁰)ms1forte</span> <span class='ocrx_word' id='word_1_280' title='bbox 549 4174 629 4237; x_wconf 86' lang='lat' dir='ltr'>putas</span> <span class='ocrx_word' id='word_1_281' title='bbox 648 4168 710 4223; x_wconf 89' lang='lat' dir='ltr'>inde</span> <span class='ocrx_word' id='word_1_282' title='bbox 729 4169 762 4223; x_wconf 87' lang='lat' dir='ltr'>ab</span> <span class='ocrx_word' id='word_1_283' title='bbox 780 4187 804 4238; x_wconf 92' lang='lat' dir='ltr'>p.</span> <span class='ocrx_word' id='word_1_284' title='bbox 823 4170 893 4224; x_wconf 79' lang='grc'>3441)</span> <span class='ocrx_word' id='word_1_285' title='bbox 912 4170 1026 4224; x_wconf 87' lang='lat' dir='ltr'>alteram</span> <span class='ocrx_word' id='word_1_286' title='bbox 1045 4179 1152 4224; x_wconf 88' lang='lat' dir='ltr'>manum</span> <span class='ocrx_word' id='word_1_287' title='bbox 1170 4166 1295 4232; x_wconf 89' lang='lat' dir='ltr'>sombere,</span> <span class='ocrx_word' id='word_1_288' title='bbox 1319 4173 1443 4230; x_wconf 87' lang='lat' dir='ltr'>quomam</span> 
     </span>
    </p>
   </div>
   <div class='ocr_carea' id='block_1_8' title="bbox 160 4228 1443 4311">
    <p class='ocr_par' dir='ltr' id='par_1_9' title="bbox 160 4228 1443 4311">
     <span class='ocr_line' id='line_1_36' title="bbox 160 4228 1443 4311; baseline -0.005 -17"><span class='ocrx_word' id='word_1_289' title='bbox 160 4228 162 4231; x_wconf 10' lang='grc' dir='ltr'><em>Α</em></span> <span class='ocrx_word' id='word_1_290' title='bbox 277 4237 321 4294; x_wconf 89' lang='lat' dir='ltr'>hle</span> <span class='ocrx_word' id='word_1_291' title='bbox 338 4237 432 4309; x_wconf 89' lang='lat' dir='ltr'>incipit</span> <span class='ocrx_word' id='word_1_292' title='bbox 454 4239 573 4296; x_wconf 83' lang='lat' dir='ltr'>initiales</span> <span class='ocrx_word' id='word_1_293' title='bbox 595 4241 702 4295; x_wconf 87' lang='lat' dir='ltr'>litteras</span> <span class='ocrx_word' id='word_1_294' title='bbox 720 4240 765 4295; x_wconf 85' lang='lat' dir='ltr'>vel</span> <span class='ocrx_word' id='word_1_295' title='bbox 786 4247 866 4295; x_wconf 89' lang='lat' dir='ltr'>notas</span> <span class='ocrx_word' id='word_1_296' title='bbox 887 4241 1053 4311; x_wconf 80' lang='lat' dir='ltr'>marginales</span> <span class='ocrx_word' id='word_1_297' title='bbox 1077 4239 1227 4306; x_wconf 87' lang='lat' dir='ltr'>(admodum</span> <span class='ocrx_word' id='word_1_298' title='bbox 1249 4241 1338 4304; x_wconf 87' lang='lat' dir='ltr'>raras)</span> <span class='ocrx_word' id='word_1_299' title='bbox 1361 4235 1443 4288; x_wconf 88' lang='lat' dir='ltr'>rubro</span> 
     </span>
    </p>
   </div>
   <div class='ocr_carea' id='block_1_9' title="bbox 277 4305 1444 4444">
    <p class='ocr_par' dir='ltr' id='par_1_10' title="bbox 277 4305 1444 4444">
     <span class='ocr_line' id='line_1_37' title="bbox 278 4305 1444 4382; baseline -0.004 -18"><span class='ocrx_word' id='word_1_300' title='bbox 278 4311 415 4382; x_wconf 82' lang='lat' dir='ltr'>effingere.</span> <span class='ocrx_word' id='word_1_301' title='bbox 452 4312 492 4367; x_wconf 91' lang='lat' dir='ltr'>Ne</span> <span class='ocrx_word' id='word_1_302' title='bbox 516 4330 540 4381; x_wconf 90' lang='lat' dir='ltr'>p.</span> <span class='ocrx_word' id='word_1_303' title='bbox 562 4314 638 4369; x_wconf 77' lang='lat' dir='ltr'>acce</span> <span class='ocrx_word' id='word_1_304' title='bbox 661 4312 767 4381; x_wconf 89' lang='lat' dir='ltr'>quidem</span> <span class='ocrx_word' id='word_1_305' title='bbox 788 4328 875 4380; x_wconf 91' lang='lat' dir='ltr'>neque</span> <span class='ocrx_word' id='word_1_306' title='bbox 898 4329 922 4381; x_wconf 93' lang='lat' dir='ltr'>p.</span> <span class='ocrx_word' id='word_1_307' title='bbox 946 4315 1021 4368; x_wconf 74' lang='lat' dir='ltr'>aare</span> <span class='ocrx_word' id='word_1_308' title='bbox 1043 4312 1131 4366; x_wconf 88' lang='lat' dir='ltr'>altera</span> <span class='ocrx_word' id='word_1_309' title='bbox 1153 4325 1248 4364; x_wconf 86' lang='lat' dir='ltr'>manns</span> <span class='ocrx_word' id='word_1_310' title='bbox 1272 4305 1373 4374; x_wconf 90' lang='lat' dir='ltr'>scribit,</span> <span class='ocrx_word' id='word_1_311' title='bbox 1396 4305 1444 4360; x_wconf 86' lang='lat' dir='ltr'>sed</span> 
     </span>
     <span class='ocr_line' id='line_1_38' title="bbox 277 4383 941 4444; baseline -0.005 -2"><span class='ocrx_word' id='word_1_312' title='bbox 277 4398 364 4442; x_wconf 79' lang='lat' dir='ltr'>novus</span> <span class='ocrx_word' id='word_1_313' title='bbox 382 4383 507 4444; x_wconf 70' lang='lat' dir='ltr'>tammus.</span> <span class='ocrx_word' id='word_1_314' title='bbox 939 4405 941 4410; x_wconf 95' lang='lat'>·</span> 
     </span>
    </p>
   </div>
   <div class='ocr_carea' id='block_1_10' title="bbox 0 0 1630 4917">
    <p class='ocr_par' dir='ltr' id='par_1_11' title="bbox 0 0 1630 4917">
     <span class='ocr_line' id='line_1_39' title="bbox 0 0 1630 4917; baseline 0 0"><span class='ocrx_word' id='word_1_315' title='bbox 0 0 1630 4917; x_wconf 95' lang='lat' dir='ltr'> </span> 
     </span>
    </p>
   </div>
  </div>
 </body>
</html>
