3250 4917
409 1226 837 1322 Adnotationes
873 1226 1116 1323 criticae

740 1371 782 1438 ad

516 1488 705 1555 blancum
729 1465 1005 1554 Antoninum.

266 1646 312 1712 Μ.
343 1646 496 1712 Antonini
525 1647 627 1712 libros
656 1646 711 1728 qui
741 1646 927 1729 diligentius
957 1646 1134 1729 perlegerit
1163 1648 1197 1712 in
1227 1648 1346 1713 multas

176 1761 323 1827 incurret
345 1759 553 1827 difficultates
575 1781 640 1827 non
664 1761 899 1827 sententiarum
922 1761 1024 1843 magis
1054 1781 1149 1844 quam
1173 1764 1345 1828 verborum

177 1877 334 1959 ipsorum.
382 1876 453 1955 Quo
476 1877 678 1959 potissimum
702 1876 823 1943 factum
848 1896 920 1942 esse
942 1885 1031 1959 puto,
1056 1886 1092 1942 ut
1113 1879 1344 1960 imperatorem

178 1992 379 2075 eundemque
401 1992 627 2075 philosophum
650 1993 741 2057 illum
764 1994 861 2075 vulgo
885 1993 998 2076 malint
1020 1993 1129 2076 legere
1153 2010 1345 2059 conversum

175 2108 208 2173 in
237 2127 330 2174 suum
360 2127 543 2175 sermonem
572 2129 667 2192 quam
692 2107 866 2175 Graecum.
914 2109 1074 2174 Nimirum
1105 2110 1205 2175 multo
1234 2109 1345 2191 plures

176 2242 273 2305 quam
297 2225 457 2290 editiones
479 2224 624 2290 invenies
647 2226 936 2308 interpretationes
959 2226 1054 2290 huius
1078 2226 1248 2308 scriptoris
1265 2225 1346 2290 Ger-

177 2339 324 2405 manicas
348 2340 492 2405 Gallicas
515 2341 667 2424 Anglicas
689 2341 822 2407 Italicas
845 2341 985 2423 denique
1007 2313 1217 2423 Persicam&

268 2454 329 2520 llst
351 2462 458 2521 autem
483 2457 600 2539 duplex
623 2474 725 2539 genus
749 2457 983 2523 obscuritatum
1000 2458 1116 2539 quibus
1132 2457 1345 2540 prohibentur

178 2570 280 2648 multi,
304 2572 474 2653 quominus
497 2573 618 2639 adeant
640 2574 806 2656 exemplar
829 2573 936 2656 ipsum
958 2574 1217 2639 meditationum:
1246 2593 1343 2638 unum

177 2687 317 2768 positum
341 2688 447 2753 estin
469 2689 543 2771 ipsa
566 2689 713 2755 oratione
736 2690 891 2754 Antonini
920 2708 1004 2772 quae
1031 2691 1202 2755 sententiis
1232 2691 1343 2765 densa,

176 2802 283 2867 tenuis
306 2803 414 2868 verbis
437 2810 487 2869 est
510 2822 549 2868 ex
565 2803 747 2870 Stoicorum
765 2804 1012 2870 consuetudine:
1038 2806 1175 2870 alterum
1192 2805 1344 2888 estquod

174 2918 285 2983 multis
307 2919 433 2984 mendis
456 2920 665 2985 librariorum
689 2911 870 3004 depravata
885 2927 961 2986 sunt
977 2921 1076 2986 verba
1092 2921 1243 3002 genuina.
1279 2920 1344 2986 Sed

175 3050 246 3098 oum
269 3034 350 3099 illud
372 3035 557 3118 philosophi
579 3037 622 3103 sit
646 3037 808 3120 explicare
839 3037 1066 3120 philosophum
1095 3039 1210 3102 exilem
1241 3037 1343 3119 magis

176 3150 394 3215 deminutum
425 3169 520 3232 quam
551 3153 726 3235 copiosum,
755 3153 818 3219 boc
846 3160 897 3218 est
923 3152 1078 3235 philologi
1105 3153 1192 3218 vitiis
1220 3161 1341 3219 textum

175 3265 350 3330 emendare
384 3272 418 3331 et
451 3267 629 3350 corrigere.
690 3271 853 3347 Quantum
888 3287 965 3334 vero
999 3268 1198 3350 profecerint
1237 3268 1342 3334 adbuc

174 3380 317 3446 editores
338 3381 375 3446 in
397 3381 459 3447 hae
480 3401 528 3459 re,
552 3384 581 3449 si
604 3384 798 3450 redierimus
822 3385 864 3449 ad
886 3383 991 3450 fontes
1014 3385 1103 3466 ipsos
1126 3385 1211 3448 unde
1232 3404 1342 3448 mana-

173 3504 291 3562 verunt
313 3496 375 3561 hae
400 3497 569 3576 editiones,
593 3499 705 3565 licebit
727 3493 884 3566 iudicare.
922 3500 971 3564 lle
995 3498 1159 3564 codicibus
1177 3506 1228 3564 est
1241 3499 1342 3580 igitur

175 3610 408 3679 disserendum.
446 3616 595 3680 Paullum
619 3616 710 3682 abest
736 3616 813 3698 quin
837 3615 889 3680 hic
912 3615 1053 3697 scriptor
1076 3601 1111 3679 ut
1126 3614 1270 3679 Velleius
1286 3615 1340 3679 ille
1383 3608 1395 3631 ⁰

174 3725 307 3794 Latinus
330 3730 402 3796 sola
425 3730 576 3796 editionis
599 3731 757 3814 principis
784 3731 849 3797 fide
877 3731 1011 3797 nitatur.
1060 3725 1227 3796 Palatinus
1255 3731 1339 3795 enim

173 3842 283 3920 codex,
308 3862 348 3909 ex
371 3865 433 3928 quo
458 3846 632 3930 descripsit
646 3848 813 3932 Xylander
837 3867 866 3913 a.
889 3848 973 3913 1559
997 3846 1150 3912 Antonini
1172 3845 1283 3921 libros,
1306 3845 1339 3909 in

243 4001 262 4070 ¹)
282 4002 314 4056 cf.
332 4001 437 4058 Nicolai
446 4004 483 4072 11,
500 4003 531 4061 2²
548 4023 573 4074 p.
592 4006 651 4061 698.
669 4004 812 4060 Addenda:
831 4004 943 4060 Ricordi
952 4003 978 4057 di
989 4003 1071 4058 Marc'
1082 4002 1192 4057 Am'elio
1202 4002 1338 4057 Antonino

171 4070 236 4128 rin.
248 4073 359 4128 Ornato.
377 4075 595 4143 Firenze,›1867.
615 4107 647 4115 —
667 4077 743 4130 Marc
761 4075 895 4130 Aurelius.
921 4076 1038 4130 Peneios
1055 4075 1125 4129 trad.
1143 4074 1337 4142 parPierssou.

169 4143 249 4199 Paris
275 4147 363 4200 1879¹t
392 4177 425 4185 -
452 4148 570 4203 Pensees
596 4147 629 4201 de
654 4148 731 4202 Mare
756 4147 863 4201 Aurele.
889 4147 958 4200 trad.
986 4164 1036 4215 par
1066 4147 1090 4201 J.
1116 4145 1337 4212 Bartbelemyst.

169 4212 282 4270 Hilaire.
300 4217 380 4272 Paris
400 4219 474 4273 1876.
494 4218 527 4273 ci.
544 4218 669 4285 Bursian,
687 4218 951 4273 ‚labresberichtill
970 4220 1105 4286 pbllttsq.
1116 4218 1214 4271 -Des
1223 4215 1337 4270 Kaisers

168 4284 203 4340 Μ.
213 4287 341 4352 Aurelius
351 4288 504 4344 Antoninus
513 4290 819 4359 Selbstbetracbtungen
828 4290 916 4344 iibere.
926 4305 949 4343 v.
959 4288 1117 4344 Wittstock.
1135 4287 1249 4359 Leipzig
1261 4289 1337 4349 1879,

169 4355 322 4413 Editionem
339 4375 437 4415 novam
454 4377 508 4415 non
525 4361 660 4417 habemus.
