3250 4917
737 350 959 415 ,22-

264 550 319 612 nat
341 559 398 625 τῆς
419 574 500 633 σιμ
524 548 599 632 (hoc
623 547 767 613 additum
783 545 911 629 postea)
934 556 1030 629 μονῆς
1052 547 1164 624 αὐτῆς,
1188 553 1221 612 et
1241 547 1307 622 9‚1
1333 545 1431 619 med,

265 667 321 731 ubi
347 663 378 727 L
405 664 426 728 2
456 665 604 746 praebet:
639 659 694 725 ἐπὶ
721 662 891 726 τάναντία
921 660 1096 747 φερόμενος
1123 672 1196 739 τοῖς
1223 662 1373 739 ἀληθέσι,
1404 659 1437 724 Ρ

267 788 393 847 contra:
423 778 476 843 ἐπὶ
497 790 593 856 τοῖς
615 775 803 852 ἀληθέσι
825 774 996 841 τάναντία
1018 775 1204 861 φερόμενος,
1229 776 1277 842 ita
1299 783 1335 843 ut
1361 786 1433 853 τοῖς

267 895 406 971 ἀληθέσι
428 900 502 976 post
525 894 568 958 sit
583 892 724 957 deletum
741 897 774 957 et
788 890 822 953 in
839 890 986 973 nrsrgine
1002 897 1078 955 ante
1093 888 1267 974 φιρόμινος
1281 892 1433 974 positum,

265 1011 388 1075 rectius
418 1010 557 1087 fortasse
581 1007 743 1072 uidebitur
771 1006 800 1070 si
828 1012 980 1087 putamus
1002 1004 1037 1069 P
1055 1005 1198 1071 codicem
1225 1006 1435 1089 neglegenter

267 1125 358 1207 prius
381 1125 537 1207 scriptum
562 1123 713 1188 collatum
737 1139 809 1187 csse
834 1126 949 1203 postea
972 1127 1005 1186 et
1027 1127 1210 1187 correctum
1235 1129 1291 1189 aut
1312 1141 1352 1188 ex
1367 1123 1435 1190 122

268 1249 324 1307 aut
347 1259 386 1306 ex
409 1239 520 1305 codice
542 1239 629 1303 illius
653 1237 828 1307 simillimo.

357 1356 490 1422 Certum
519 1355 618 1437 igitur
645 1355 707 1419 hoc
735 1360 786 1448 est
808 1353 840 1417 L
863 1354 884 1418 2
908 1360 941 1420 et
963 1353 995 1417 L
1017 1355 1039 1419 3
1062 1360 1095 1419 et
1118 1353 1151 1418 P
1170 1361 1325 1438 cognatos
1351 1357 1437 1423 inter

269 1492 304 1538 sc
328 1491 400 1538 esse
424 1477 521 1552 atque
544 1472 676 1546 similes,
708 1469 889 1536 simillimos
919 1476 1026 1536 autem
1049 1469 1081 1535 L
1104 1471 1124 1535 2
1148 1477 1182 1536 ct
1203 1470 1243 1536 P.
1294 1472 1434 1550 Quorum

269 1590 409 1655 omnium
433 1588 572 1652 maxime
594 1588 731 1653 uitiosus
755 1593 805 1652 est
821 1586 856 1650 P
873 1586 1047 1669 multisque
1070 1587 1150 1652 locis
1167 1594 1344 1664 correctus,
1368 1587 1435 1652 dili·

269 1706 396 1788 gentior
411 1703 442 1768 L
458 1706 489 1780 2,
515 1703 720 1768 doctissimus
736 1701 767 1766 L
783 1703 814 1777 3,
839 1702 897 1766 sed
919 1721 981 1783 quo
997 1703 1099 1784 magis
1111 1702 1295 1768 ‘doctrinam
1312 1691 1438 1767 redolet

269 1820 406 1895 librarii,
440 1838 487 1897 eo¹
506 1818 612 1882 minus
640 1818 728 1883 utilis
757 1824 808 1883 est
839 1817 922 1881 liber
939 1833 1012 1885 ms.
1039 1817 1080 1882 ad
1107 1818 1310 1884 restituenda
1336 1818 1439 1901 ipsius

270 1934 440 2017 scriptoris
464 1934 575 1999 verba.
797 1943 798 1946 ’
844 2013 849 2026 ·
1242 1949 1244 1952 ·

359 2051 474 2114 Restat
496 2068 579 2114 uuus
607 2049 722 2113 horum
753 2049 910 2125 codicum,
941 2049 996 2131 qui
1024 2048 1150 2115 Aeliani
1179 2048 1360 2132 fragmenta
1386 2067 1439 2113 re-

154 2190 163 2200 „
272 2167 497 2250 pudiaverunt,
520 2164 577 2228 Mo
589 2166 620 2240 2,
645 2181 741 2245 quem
764 2164 902 2228 eundem
919 2173 1105 2247 essentque
1121 2165 1263 2230 codicem
1275 2164 1438 2229 Hoesche-

271 2282 393 2347 lianum
417 2297 517 2362 supra
542 2278 719 2344 docuimus.
746 2279 821 2343 'Hic
845 2297 915 2344 cum
939 2298 1074 2346 numero
1098 2287 1195 2363 atque
1219 2280 1331 2345 ordi-ne
1352 2279 1439 2362 frog-

271 2377 463 2471 mentorum,
488 2394 683 2460 scholiorum
707 2414 835 2478 quoque
858 2396 1063 2462 multitudine
1088 2397 1291 2479 discrepata
1311 2396 1439 2471 ceteris,

272 2519 339 2577 tum
362 2512 553 2593 Insculptum
578 2511 607 2575 el
631 2517 694 2576 est:
719 2514 897 2587 ἐπικτήτου
918 2499 1110 2597 ἐγχειρίδιον
1123 2506 1295 2593 ’δεύτερον
1304 2512 1329 2595 1)
1369 2513 1441 2592 Qua

270 2628 494 2709 inscriptione,
530 2628 653 2708 opinor,
690 2634 723 2693 et
757 2626 827 2708 ipso
863 2644 984 2708 genere
1012 2627 1261 2710 philosophandi
1289 2627 1441 2695 inductus

268 2742 480 2807 Hoeschclius
514 2741 661 2808 editurus
696 2749 769 2808 erat
803 2742 885 2806 haec
919 2741 1102 2823 fragmenta
1136 2743 1196 2807 sub
1232 2735 1293 2808 hoc
1327 2744 1436 2809 titulo:

232 2879 239 2884 ·
272 2857 414 2939 Epicteti
442 2857 655 2923 Euchiridion
678 2858 722 2934 Il,
754 2858 822 2923 sive
853 2857 1026 2922 Theoscbii
1052 2858 1244 2940 Epictetese
1276 2859 1438 2924 doctrinae

274 2973 499 3055 Syngramma:
532 2992 570 3037 ex
593 2973 783 3055 dogustans
805 2972 1009 3037 Bibliotheca
1033 2973 1160 3038 Graece
1190 2991 1276 3044 nunc
1303 2975 1437 3056 primum

273 3108 293 3152 a
322 3088 406 3154 Dav.
436 3088 631 3153 Hoescholio
659 3087 742 3170 Aug.
776 3088 908 3153 editum.
958 3087 1049 3165 Quae
1076 3088 1310 3170 scriptiuncula
1338 3089 1442 3155 adhuc

272 3203 396 3267 inedita
417 3203 451 3268 in
475 3190 702 3270 manus'venit
724 3203 841 3268 Merici
864 3201 1058 3278 Oasauboni,
1087 3203 1142 3285 qui
1165 3204 1207 3268 ad
1229 3222 1319 3269 suam
1343 3204 1442 3270 Anto·

273 3319 340 3383 nini
371 3319 545 3384 editionem
576 3338 615 3384 ea
643 3320 807 3385 utebatur.
859 3320 1011 3385 Ceterum
1042 3318 1248 3385 difficillimus
1277 3338 1364 3384 nunc
1393 3327 1443 3386 est

272 3434 359 3499 lectu
389 3434 441 3499 hic
471 3434 572 3498 codex
599 3435 727 3526 incuria
757 3434 896 3516 quadam
928 3436 1133 3501 obscuratus.
1181 3435 1307 3499 Deinde
1336 3454 1442 3518 neque

272 3547 357 3614 libel·
381 3557 431 3615 esd
453 3549 550 3626 viliis,
575 3548 616 3614 cf.
642 3552 671 3625 7,
695 3552 753 3614 221
776 3551 832 3613 καὶ
854 3552 984 3616 διάνοια
1005 3570 1065 3636 pro
1088 3551 1144 3614 καὶ
1167 3553 1210 3613 δι’
1230 3552 1385 3632 ἄγνοιαν,
1410 3557 1443 3616 ei

274 3683 357 3749 quae
381 3684 464 3730 nova
487 3683 526 3728 ex
551 3683 589 3730 eo
614 3665 769 3747 indagari
798 3656 996 3748 parvisunt
1024 3668 1188 3742 momenti,
1213 3669 1301 3732 velut
1328 3669 1358 3742 7,
1382 3668 1439 3731 23:

254 3780 380 3874 Ιδεινὸν
403 3779 614 3844 nicodimi
637 3780 834 3854 διαλυθῆναι
858 3792 905 3864 τῷ
926 3783 1080 3864 βιοτίῲ
1104 3782 1149 3865 (Ῥ)
1172 3801 1232 3865 pro
1256 3780 1402 3866 κιβωτίῳ.

362 3893 517 3959 Venimus
538 3893 637 3975 igitur
661 3893 702 3959 ad
723 3913 778 3960 eos
796 3896 934 3970 codices,
958 3895 1014 3978 qui
1030 3897 1142 3962 eadem
1158 3897 1228 3962 fere
1245 3904 1278 3963 et
1288 3896 1443 3962 Antonini

275 4017 307 4076 et
327 4009 457 4089 Aeliani,
476 4007 658 4091 lrsgrncnta
680 4010 849 4091 praebent,
874 4010 904 4074 V
923 4012 1018 4087 1-5‚
1043 4012 1073 4076 L
1098 3989 1173 4078 let
1195 4015 1227 4088 4,
1250 4013 1294 4077 Μ
1306 4012 1440 4095 (Marc)

346 4246 366 4314 ¹)
385 4246 529 4301 Antecedit
547 4247 617 4302 enim
634 4248 663 4302 in
681 4250 774 4303 eodem
798 4249 888 4303 codice
909 4251 1035 4305 manuale
1053 4249 1173 4319 Epicteti
1194 4250 1290 4310 finiens
1312 4251 1340 4310 in
1358 4253 1442 4309 verba

276 4324 427 4402 πρόχειρον
447 4324 500 4379 οὐκ
519 4321 625 4398 ἔχομεν
643 4323 687 4387 (π
706 4319 779 4377 c'ol
800 4321 840 4376 ed.
858 4323 953 4392 Hcyne
971 4329 1000 4379 el
1018 4323 1058 4379 eda
1076 4321 1204 4390 Diibner).
