3250 4917
637 419 859 485 ..53-

167 630 184 690 1
210 632 243 690 55
265 625 297 699 2,
322 621 363 691 G.
401 622 465 688 Sed
487 618 631 704 paullum
656 624 706 683 est
730 616 878 681 diversus
895 635 914 678 5
931 622 1112 679 ceterorum
1130 615 1224 695 quasi
1241 578 1363 678 cboro¹

165 740 209 806 M
229 742 246 805 1
272 747 305 805 et
327 738 432 804 forma
454 739 527 821 ipsa
550 736 625 801 libri
649 741 682 800 55
705 733 819 799 ordine
842 750 1043 813 numeroque
1069 729 1338 813 fragmentorum.

166 856 251 922 Nam
285 862 517 939 praeterquam
554 852 640 935 quod
673 845 880 931 neglegentia
915 847 984 912 eius
1019 847 1074 928 qui
1108 845 1343 928 conglutinavit

169 971 313 1037 codicem
336 970 546 1051 perturbatus
563 972 621 1032 ,555
645 965 759 1031 5511555
785 964 865 1034 ordo
889 962 1073 1049 amissaque
1089 968 1165 1028 sunt
1181 961 1340 1043 quaedam

169 1088 268 1171 (inter
295 1105 330 1167 5.
358 1085 400 1149 73
429 1091 462 1149 55
485 1084 527 1147 74
559 1081 679 1147 codicis
709 1079 827 1144 desunt
854 1078 884 1154 9,
917 1081 932 1141 1
964 1077 1019 1142 fin.
1047 1084 1081 1143 et
1106 1078 1137 1154 9,
1161 1078 1206 1142 40
1235 1076 1339 1159 1515.1;

124 1230 125 1233 “
168 1203 230 1268 555
259 1200 354 1267 valde
382 1199 564 1263 mirandum
593 1202 643 1262 est
671 1195 757 1277 quod
788 1193 956 1276 complura
982 1192 1164 1275 fragmenta
1186 1192 1341 1258 Antonini

168 1317 220 1383 bis
248 1316 456 1382 inveniuntur
485 1315 519 1379 15
548 1314 609 1379 555
638 1311 734 1398 11555.
784 1310 864 1374 Cum
887 1309 981 1388 enim
1011 1330 1044 1391 p.
1071 1308 1114 1374 75
1143 1328 1193 1390 sq.
1228 1309 1278 1384 12,
1302 1308 1338 1388 4;

174 1433 304 1512 12,14;
336 1433 387 1508 12,
411 1430 639 1512 341egantnr,
669 1428 786 1493 iterum
810 1446 843 1507 p.
870 1426 913 1490 85
938 1425 1050 1490 eadem
1079 1424 1262 1507 fragmenta
1290 1443 1341 1488 re·

171 1550 341 1633 periuntur
362 1548 475 1614 eodem
496 1546 565 1611 fere
581 1551 696 1610 tenore
711 1543 775 1608 nisi
792 1542 879 1624 quod
894 1542 961 1606 illic
976 1541 1059 1607 falso
1076 1542 1234 1607 omittitur
1252 1542 1303 1615 12,
1319 1541 1341 1603 4

171 1669 205 1731 ἐν
228 1671 304 1729 5555
327 1664 484 1727 ἐλάττονι
506 1661 591 1745 λόγῳ
615 1661 764 1732 τίθεται,
790 1678 853 1740 quo
871 1659 1056 1723 declaratur
1072 1679 1105 1741 p.
1124 1656 1342 1739 8511151555-

172 1785 281 1845 menta
302 1797 368 1843 non
389 1776 531 1858 repetita
554 1793 627 1839 esse
651 1793 690 1837 ex
713 1794 745 1856 p.
766 1774 808 1839 75
825 1795 875 1857 sq.
912 1774 1139 1840 Adnotandum
1164 1780 1272 1840 antem
1293 1781 1344 1838 est

172 1895 256 1960 hunc
280 1870 424 1959 codicem
448 1887 645 1956 simillimum
671 1907 744 1955 esse
755 1889 906 1954 Vaticani
928 1890 959 1966 2,
985 1909 1024 1954 ex
1047 1908 1110 1972 quo
1134 1896 1242 1955 tamen
1261 1888 1304 1952 M
1324 1890 1340 1955 1

172 2009 335 2093 profectus
359 2025 431 2072 esse
455 2024 519 2070 non
534 2011 652 2086 potest,
677 2022 749 2069 cum
766 2005 862 2088 plura
877 2006 997 2070 babeat
1011 2005 1193 2086 fragmenta
1206 2004 1342 2080 Aeliani,

171 2125 211 2191 cf.
238 2126 336 2191 eiiam
364 2124 394 2199 9,
423 2122 476 2197 40,
507 2121 563 2185 ubi
592 2122 634 2183 ob
652 2141 659 2155 ·
677 2130 743 2195 πῶς
777 2119 817 2204 μὴ
847 2122 1036 2203 ἐπιθυμήσω
1058 2130 1121 2182 τοῦ
1151 2123 1344 2202 κοιμηθῆναι

171 2242 244 2322 μετ’
266 2237 382 2314 ἐκείνης
406 2239 440 2302 15
463 2238 530 2301 Va
556 2236 657 2311 deest,
687 2240 801 2299 contra
828 2234 1014 2300 inveniatur
1038 2235 1072 2298 in
1095 2233 1139 2297 M
1159 2236 1189 2299 1.
1237 2232 1279 2298 At
1302 2252 1343 2298 ne

179 2355 249 2418 72
273 2352 402 2433 quidem
428 2352 582 2416 oriundus
605 2358 656 2416 est
679 2350 757 2415 aM
776 2353 805 2426 1,
830 2351 1069 2433 cumintellegi
1085 2357 1227 2433 nequeat
1242 2369 1343 2432 quaro

181 2468 211 2531 V
228 2468 306 2531 25
274 2466 335 2532 5551
359 2466 491 2533 vidisset
514 2467 599 2531 hunc
622 2467 765 2564 codicem
781 2467 924 2531 nondum
939 2472 1014 2548 pert
1000 2455 1111 2532 tturba
1097 2472 1214 2532 tumet
1201 2466 1344 2530 t·decur

174 2588 276 2647 55555
301 2583 466 2664 complura
488 2551 651 2665 fragment
652 2602 670 2646 a
636 2580 814 2647 tAeliani
837 2582 994 2647 omiserit
1002 2582 1026 2664 ¹)
1062 2583 1163 2648 Hoct
1149 2589 1258 2647 tamen
1274 2580 1344 2646 5551

176 2697 447 2764 51511115555
396 2704 447 2764 555
469 2717 637 2763 55555555
660 2698 762 2763 luisse
784 2699 950 2780 exemplar
974 2698 1104 2780 utrique
1129 2698 1243 2762 codici.

263 2814 411 2880 Vaticani
424 2820 532 2879 autem
546 2814 648 2878 ceteri
665 2815 698 2897 (l
714 2818 746 2878 et
758 2813 871 2907 3-51,
888 2812 919 2877 L
934 2814 949 2876 1
968 2820 1001 2877 et
1012 2813 1044 2889 4,
1061 2812 1105 2882 M
1112 2814 1142 2888 2,
1161 2811 1343 2894 Gdenique

174 2931 337 2996 coniuncti
360 2938 435 2995 sunt
457 2931 544 2995 inter
568 2949 603 2995 se
628 2929 840 2994 similitudine
863 2929 944 2994 satis
967 2948 1095 3011 magna.
1145 2910 1207 3007 Qui
1231 2947 1343 2993 omnes

174 3046 340 3112 continent
370 3047 484 3110 eadem
508 3046 663 3111 Antonini
693 3036 874 3110 etdeliani
903 3045 1086 3126 fragmenta
1115 3051 1148 3109 55
1177 3045 1345 3109 continent

173 3160 302 3243 quidem
327 3161 438 3226 eodem
463 3161 533 3225 fere
557 3161 681 3226 ordine.
720 3160 804 3226 Nam
823 3162 909 3243 quod
931 3161 988 3226 Vl
1008 3161 1170 3226 diversum
1189 3160 1343 3225 coeteris

172 3278 310 3358 praebet
339 3285 378 3342 55
401 3295 571 3341 numerum
601 3277 857 3359 fragmentorum
888 3287 921 3342 55
950 3277 1105 3352 ordinem,
1140 3278 1248 3357 magni
1278 3295 1342 3339 non

172 3392 283 3468 facies
308 3410 379 3457 cum
404 3393 558 3459 disiectus
583 3394 625 3459 sit
640 3394 693 3458 hic
709 3394 810 3459 codex
827 3401 924 3482 atque
940 3392 1116 3458 5555115555.
1158 3392 1218 3457 Vt>
1235 3398 1342 3458 auteur

173 3508 235 3572 hoc
258 3507 455 3573 discriminis
478 3508 587 3584 habet,
612 3509 698 3590 quod
721 3511 752 3585 8,
776 3510 818 3573 57
837 3517 868 3573 55
885 3511 927 3574 56
947 3510 1038 3591 ponit
1054 3516 1129 3574 ante
1146 3510 1176 3585 7,
1193 3510 1235 3573 22
1252 3526 1341 3589 sqq.;

174 3624 208 3687 in
230 3623 261 3686 L
286 3624 303 3687 1
329 3632 436 3688 autem
460 3624 683 3690 vehementius
711 3626 861 3690 turbatus
890 3633 940 3690 est
970 3626 1084 3690 solitus
1113 3624 1202 3700 ordo,
1233 3632 1343 3688 tamen

173 3737 300 3803 incuria
323 3741 403 3815 eius,
434 3737 545 3822 quiin
566 3741 687 3830 librum
711 3739 934 3822 ligauitfolia,
959 3741 1020 3805 boc
1048 3739 1168 3805 1555555
1191 3758 1264 3804 5555
1288 3759 1343 3821 ap-

174 3859 280 3935 paret.
289 3854 394 3936 2{ll
391 3855 481 3920 itiam
514 3856 548 3919 in
583 3823 615 3919 L
649 3857 671 3920 4
702 3856 821 3920 desunt
853 3856 1009 3920 nonnulla
1041 3855 1233 3937 fragmen,
1269 3863 1346 3920 sunt

173 3975 281 4033 autem
305 3969 380 4034 Ant.
409 3970 439 4045 7,
463 3972 562 4034 2255
587 3971 617 4046 7,
644 3972 696 4047 18,
724 3970 840 4035 Aeli
825 3973 1017 4046 ,225
1003 3971 1108 4046 1,2,5
1139 3988 1223 4052 quae
1250 3970 1343 4035 initio

246 4109 266 4175 ’1
285 4108 318 4162 15
337 4111 392 4164 72
410 4107 511 4178 viginti
528 4109 685 4178 fragments
703 4109 835 4164 Aeliani
827 4109 939 4176 muenis,
957 4109 986 4163 in
1005 4114 1038 4163 M
1055 4114 1068 4165 1
1089 4110 1300 4179 duodetriginta

246 4178 267 4247 ’1
286 4181 397 4249 Namp
416 4182 469 4235 25151
487 4180 540 4235 5115
559 4196 639 4247 quam
657 4181 772 4235 debebat
789 4182 848 4234 loeo
867 4181 973 4235 inserta
995 4188 1043 4235 est
1079 4182 1230 4236 Praeterea
1252 4186 1343 4236 autem

174 4248 225 4303 hoo
241 4250 339 4305 mirum
357 4258 407 4318 est,
430 4252 501 4335 quod
519 4252 649 4306 nonnulla
666 4253 822 4322 fragmenta
846 4254 897 4318 (12,
915 4254 945 4319 4,
969 4255 1010 4319 12,
1032 4255 1064 4307 14
1082 4270 1132 4320 sq.;
1158 4255 1198 4318 12,
1216 4254 1261 4320 341
1284 4269 1343 4321 per-

174 4320 341 4449 rtnarxtausmt
359 4339 418 4378 cum
437 4324 617 4395 epigrammat
617 4323 653 4392 is;
677 4324 709 4380 cf
728 4339 796 4395 quae
820 4324 853 4378 de
876 4323 977 4379 eisdem
999 4296 1127 4396 fragm.¹
1119 4341 1148 4383 m
1166 4328 1229 4378 Ml
1254 4323 1343 4402 dispu

204 4408 291 4446 5555
408 4406 410 4410 ·
