3250 4917
750 310 972 375 ,18-
1126 338 1131 352 ,

274 526 380 589 neque
403 508 508 571 adhuc
531 508 702 590 quisquam
725 509 893 592 perspexit
915 515 949 575 et
971 528 1030 591 ego
1055 510 1252 587 dubitabam,
1277 529 1318 575 an
1342 512 1444 578 libere

275 623 447 706 profiterer
470 624 726 699 imbecillitatem
751 630 848 706 atque
875 625 1017 708 inopiam
1044 645 1160 691 meam.
1210 627 1253 693 At
1280 628 1336 693 ubi
1364 629 1444 693 nihil

274 740 376 805 habes
400 740 492 816 certi,
516 739 544 804 si
568 740 743 805 verisimile
767 740 890 822 aliquid
912 741 1087 817 inveneris,
1111 747 1285 808 contentus
1308 750 1390 809 esto.

365 856 486 921 Omnes
509 856 607 938 igitur
632 856 770 932 codices,
795 856 912 938 quibus
936 856 992 922 illa
1013 855 1197 939 fragmenta
1220 858 1374 924 Antonini
1398 861 1445 944 (et

275 971 415 1054 Aeliani)
441 972 627 1047 traduntur,
651 967 765 1037 referti
788 978 864 1037 sunt
887 953 935 1037 eis
958 973 1098 1055 scriptis,
1124 990 1208 1054 quae
1223 975 1389 1056 pertinent
1405 975 1446 1039 ad

278 1106 384 1153 mores
407 1087 585 1167 hominum;
611 1093 785 1170 praeterea
809 1088 975 1153 continent
990 1090 1273 1170 grammaticorum
1291 1096 1324 1154 et
1339 1090 1446 1173 sophi-

276 1212 400 1270 starum
423 1204 534 1279 libros
566 1204 772 1285 anthologiae
796 1204 936 1286 denique
961 1205 1109 1270 Graecae
1133 1206 1255 1272 selecta
1286 1207 1441 1271 carmina.

277 1319 341 1385 Sed
364 1336 436 1386 cum
458 1320 588 1401 longum
612 1318 656 1383 sit
683 1318 842 1385 infinitam
872 1320 956 1385 hanc
983 1321 1155 1396 materiam
1186 1321 1360 1405 explicare,
1391 1324 1446 1387 ad-

276 1445 426 1502 notamus
455 1434 485 1499 V
505 1438 521 1499 1
547 1435 713 1501 continere
736 1436 918 1513 Libanium,
943 1437 1076 1502 Catonis
1100 1438 1288 1513 sententias,
1313 1438 1442 1502 Maximi

276 1553 432 1618 Planudis
461 1552 593 1634 scripta,
624 1551 691 1616 V?
714 1552 899 1616 Manualem
928 1554 1127 1629 Cretensem,
1157 1554 1293 1617 Paulum
1317 1553 1440 1618 Silenti-

277 1670 391 1744 arium,
410 1668 649 1759 ‘epigrammata
669 1669 800 1743 selecta,
825 1668 1028 1751 Moschopuli
1040 1669 1163 1734 scholia
1179 1670 1362 1745 Homerica,
1384 1668 1442 1732 Va

276 1784 466 1850 Philostrati
481 1768 648 1863 imagines,
665 1784 802 1850 Paulum
814 1783 1045 1859 Silentiarium,
1063 1785 1298 1867 epigrammata
1314 1786 1445 1860 selecta,

181 1900 186 1911 '
284 1901 352 1966 Vl
382 1901 536 1984 epistolas
565 1920 584 1964 a
613 1900 807 1965 Christianis
837 1900 1048 1984 conscriptae,
1079 1901 1237 1981 quaedam
1268 1902 1310 1965 ad
1339 1873 1449 1965 artem*

277 2017 520 2101 grammaticam
548 2017 757 2108 pertinentia,
795 2015 1022 2100 Aristophanis
1049 2016 1265 2098 fragmentum
1300 2017 1387 2099 (ran.
1414 2037 1444 2081 v.

279 2133 363 2198 1464
387 2133 486 2215 squ),
511 2132 702 2197 Philostrati
723 2132 892 2213 imagines,
917 2133 1052 2197 Paulum
1074 2131 1308 2206 Silentiarium,
1337 2132 1441 2213 epigr.

279 2249 350 2323 sel,
375 2248 565 2313 Philostrati
587 2247 729 2322 heroica,
753 2247 1141 2322 Maximum-Planudcm,
1164 2247 1357 2330 Epictetum,
1381 2247 1446 2312 V5

278 2372 382 2431 artem
397 2363 652 2445 grammaticam,
669 2363 806 2427 Paulum
822 2362 1052 2441 Silentiarium,
1070 2364 1175 2447 epigr.
1193 2364 1252 2427 sel.
1272 2368 1335 2429 etc.
1372 2365 1447 2428 lam
1541 2450 1545 2456 ¹

279 2481 364 2544 enirn
393 2480 493 2555 vides,
524 2479 648 2561 opinor,
684 2479 927 2544 similitudinem
957 2487 990 2544 et
1024 2480 1247 2562 cognationem
1282 2480 1444 2559 quandam

278 2595 393 2662 horum
422 2595 590 2659 librorum.
615 2671 617 2675 ¹
642 2594 703 2672 Qui
732 2594 868 2678 profecti
897 2595 1048 2660 videntur
1077 2613 1149 2660 esse
1179 2615 1199 2659 a
1226 2594 1353 2659 fabrica
1383 2595 1446 2660 ista

278 2711 575 2794 grammaticorum,
604 2728 688 2792 quae
716 2712 847 2776 saeculo
870 2709 952 2776 Xlll
976 2718 1009 2777 et
1031 2713 1105 2776 XIV
1129 2698 1267 2777 florebat
1290 2709 1445 2776 Constan-

279 2826 424 2909 tinopoli,
449 2826 539 2891 cuius
563 2827 727 2909 principes
745 2844 784 2890 ac
799 2833 954 2908 tanquam
970 2827 1117 2908 magistri
1133 2826 1264 2891 luerunt
1279 2824 1442 2890 Moscho·

278 2943 393 3026 pulus
417 2941 663 3022 etMaximus
686 2942 892 3005 Planudes.
930 2942 1056 3007 Scimus
1073 2947 1179 3006 autem
1196 2941 1280 3006 hanc
1296 2946 1443 3014 aetatem,

281 3067 492 3141 comparum
519 3050 724 3138 intellegeret
747 3064 892 3124 veterum
920 3076 1021 3141 opera
1048 3057 1195 3122 omnibus
1222 3056 1366 3121 numeris
1393 3055 1447 3119 ab·

279 3176 394 3250 soluta,
420 3174 501 3237 haec
523 3180 667 3238 secutam
693 3191 765 3238 esse
789 3174 857 3238 suis
881 3174 1006 3249 studiis,
1031 3192 1139 3248 unum,
1163 3178 1200 3236 ut
1222 3177 1326 3236 artem
1342 3190 1448 3253 gram-

279 3291 430 3355 maticam
454 3289 595 3365 doceret,
619 3291 768 3365 alterum,
792 3296 828 3354 ut
843 3289 992 3354 versibus
1008 3289 1102 3353 dictis
1120 3288 1290 3353 sententiis
1307 3287 1449 3369 undique
1475 3324 1478 3328 -

280 3406 386 3472 allatis
409 3424 516 3472 mores
539 3406 702 3471 hominum
728 3406 918 3488 corrigeret.
960 3406 1003 3471 Et
1025 3406 1172 3470 Marcum
1194 3403 1393 3468 Antoninum
1416 3402 1449 3466 bi

280 3522 498 3604 neglegerent,
530 3521 621 3585 cuius
643 3522 725 3586 libri.
749 3523 808 3587 toti
841 3529 916 3587 sunt
945 3522 978 3586 in
1008 3522 1151 3586 moribus
1182 3518 1448 3585 considerandis?

280 3636 344 3704 Sed
366 3636 493 3702 Aeliani
516 3654 643 3719 quoque
666 3637 852 3702 animalium
876 3637 1013 3703 historia
1036 3636 1175 3702 maxime
1206 3635 1247 3700 ad
1277 3652 1348 3699 eam
1378 3617 1451 3699 rem

279 3752 397 3816 idonea
414 3759 495 3817 erat.
527 3751 561 3816 Si
574 3754 659 3817 enirn
673 3753 810 3818 intueris
827 3754 908 3819 istos
924 3754 1023 3829 locos,
1041 3751 1137 3817 facile
1153 3752 1316 3833 intellegis
1332 3751 1449 3816 miram

280 3869 465 3934 animalium
488 3851 694 3952 prudentiam
718 3870 845 3934 laudari
868 3871 919 3935 his
943 3870 1097 3953 exemplis
1122 3867 1449 3951 quamvisineptis.1)

280 4011 492 4022 ..ι-ψ..-

354 4082 373 4148 ¹)
392 4080 460 4135 Sunt
478 4086 568 4135 antem
586 4080 613 4134 hi
631 4081 683 4135 loci
696 4081 803 4137 Aeliani
821 4091 884 4159 περὶ
896 4084 975 4156 ζῴων
989 4080 1120 4137 Antonini
1134 4077 1296 4149 fragmentis
1310 4076 1449 4146 permixti:

179 4130 187 4151 '
283 4153 307 4218 1,
326 4151 373 4218 223
393 4155 440 4219 aa,
459 4155 505 4219 aa
524 4154 549 4219 e,
568 4154 614 4219 aa,
633 4156 657 4220 a,
676 4155 723 4221 aa
742 4157 765 4222 1,
785 4156 831 4221 173
849 4157 896 4219 aa
916 4159 944 4221 a
964 4157 991 4220 a,
1010 4156 1057 4220 49;
1076 4156 1100 4220 4,
1120 4154 1166 4218 aa
1190 4153 1236 4216 eo
1260 4153 1307 4216 aa
1331 4151 1377 4212 ou
1401 4152 1448 4214 aa

284 4225 307 4290 1,
327 4226 354 4290 1;
377 4225 406 4290 2;
429 4225 458 4290 4;
483 4226 511 4290 7;
536 4226 582 4290 133
606 4227 634 4290 e,
659 4226 704 4293 103
729 4229 776 4292 11;
800 4227 841 4281 16.
877 4226 929 4280 Hic
954 4232 996 4280 est
1022 4225 1118 4279 solitus
1143 4222 1209 4277 ordo
1234 4222 1450 4290 fragmentorum

282 4293 389 4350 Aeliani
407 4294 435 4349 in
454 4296 527 4350 codd.
546 4295 654 4351 nostris.
1328 4287 1333 4302 '
