3250 4917
678 398 878 462 ..7-

194 604 226 678 2,
252 602 285 681 7;
309 617 424 665 rursus
449 601 558 680 cipro
581 598 619 660 oi
642 531 833 678 sirmpsit&
857 595 898 659 37
924 600 958 660 et
975 595 1025 671 10,
1052 595 1107 670 15;
1133 597 1249 661 deinde
1266 594 1367 669 οἴησις

195 718 228 794 9,
251 717 295 783 44
318 716 399 782 satis
424 718 573 797 apertum
598 711 767 795 legebatur
791 712 832 776 ab
856 712 911 776 illo
933 712 1024 787 οἰήση
1045 720 1079 779 et
1096 713 1147 790 12,
1164 714 1206 778 26
1223 712 1368 797 ἐρρύηκεν

196 819 368 899 intellexit:
393 829 538 916 ἐρρύηκεν
551 825 618 892 aiv.

285 948 350 1015 Sed
380 964 452 1011 curn
482 944 658 1011 viderimus
686 944 777 1009 illum
808 944 952 1010 codicem
981 963 1040 1028 per
1076 963 1112 1011 se
1146 945 1368 1028 neglegentem

197 1066 308 1132 datum
331 1082 404 1130 esse
427 1061 704 1145 neglegentiorem
729 1060 769 1125 ab
794 1062 852 1137 eis,
877 1062 932 1143 qui
949 1068 1046 1127 antea
1062 1081 1135 1126 eum
1152 1062 1369 1135 contulerunt,

197 1188 307 1249 tamen
330 1197 369 1244 ex
393 1179 450 1254 eis,
476 1195 560 1260 quae
582 1194 684 1258 supra
707 1177 914 1264 exposuimus
939 1177 979 1242 de
994 1177 1081 1242 mala
1096 1176 1280 1242 conditione
1295 1175 1370 1240 libri

199 1297 241 1373 A,
271 1301 407 1378 apparet
429 1311 503 1358 sum
526 1291 625 1359 talam
649 1309 733 1367 esse,
767 1291 872 1373 qualis
896 1291 1030 1358 editioni
1054 1291 1246 1357 Mantinon
1276 1291 1370 1356 modo

200 1412 407 1478 fundamento
443 1409 501 1473 sed
536 1426 577 1474 ne
611 1407 754 1473 fulturae
790 1408 919 1490 quidem
956 1407 1127 1473 admodum
1163 1406 1288 1472 firmae*
1314 1407 1367 1473 sit.

198 1529 349 1594 Attamen
374 1525 526 1609 quoniam
550 1529 601 1589 est
624 1523 740 1588 saltem
765 1543 784 1589 a
808 1522 1004 1588 coniecturis
1035 1524 1122 1589 ultro
1150 1523 1249 1589 illatis
1277 1522 1369 1599 liber,

197 1643 287 1708 utilis
309 1642 381 1725 ipse
404 1648 455 1708 est
478 1641 587 1723 aliqua
604 1658 643 1704 ex
659 1646 753 1722 parte
770 1639 868 1714 solus,
893 1639 991 1703 etiam
1006 1639 1127 1715 utilior,
1151 1639 1207 1705 ubi
1224 1639 1373 1721 congruit

199 1766 257 1825 aut
272 1776 344 1823 curn
356 1757 505 1823 Palatino
520 1756 544 1823 i.
560 1775 590 1822 e.
610 1741 682 1819 cuin
700 1755 842 1820 editione
853 1756 882 1822 l.
897 1761 954 1821 aut
969 1765 1041 1820 curn
1057 1755 1175 1821 ceteris
1192 1755 1368 1820 codicibus.

201 1874 294 1953 Quod
327 1871 490 1938 declaravi
526 1872 640 1954 opinor
674 1871 767 1936 brevi
805 1871 945 1953 quodam
979 1871 1157 1953 specimine
1197 1869 1371 1935 lectionum

202 2008 356 2056 novarum
387 1997 421 2055 et
449 1988 696 2053 emendatorum
727 1988 761 2052 in
784 1986 898 2053 Museo
926 1987 1083 2052 Rhenano
1114 2005 1217 2070 nuper
1244 1986 1372 2068 prolato

203 2106 248 2190 (a.
276 2107 371 2183 1881,
395 2125 428 2188 p.
459 2103 522 2169 175
546 2103 648 2186 sqq.).
757 2183 764 2196 ι

567 2245 602 2313 ΙΙ.
627 2243 735 2314 codex
760 2245 1010 2314 barmaiadluus.

291 2359 387 2425 Nunc
411 2360 452 2424 ad
475 2378 546 2424 eum
570 2359 713 2425 codicem
738 2361 883 2425 venimus
907 2361 960 2443 qui
986 2367 1018 2425 et
1047 2377 1181 2424 numero
1211 2358 1372 2440 fragmen-

205 2483 311 2570 torum
335 2457 458 2540 ceteris¹
468 2482 616 2558 praestat
631 2484 664 2542 et
680 2475 879 2557 singulorum
895 2476 1040 2541 locorum
1053 2476 1211 2540 varietate
1226 2474 1371 2557 proxime

205 2590 331 2657 accedit
353 2591 394 2656 ad
417 2592 608 2657 Vaticanum
633 2590 677 2659 A.
724 2591 786 2657 Est
813 2602 921 2657 autem
951 2569 1051 2655 codex
1074 2590 1372 2656 Darmstadinus

39 2722 46 2736 ·
168 2697 173 2707 ⁶
204 2707 292 2772 2773
328 2705 378 2791 (D
410 2707 522 2806 littera
554 2729 573 2773 a
608 2708 701 2773 nobis
736 2705 962 2789 significatus),
1000 2707 1211 2789 bombycinus
1248 2706 1372 2771 formae

204 2828 337 2888 octavae
361 2823 433 2909 (21ε
459 2823 499 2887 14
512 2823 571 2906 ⁰¹¹¹),
595 2822 760 2906 margines
773 2822 867 2904 varii,
890 2821 1050 2903 linearum
1066 2839 1220 2886 numerus
1236 2820 1305 2885 fere
1321 2822 1374 2898 36,

202 2937 330 3021 glossae
352 2937 471 3003 litteris
496 2938 685 3004 minusculis
718 2936 872 3020 scriptae,
903 2937 966 3002 377
997 2936 1087 3016 folia3
1117 2937 1260 3003 continet
1283 2938 1374 3004 varia

203 3053 334 3136 scripta,
359 3054 448 3118 velut
463 3061 617 3136 excerpta
631 3052 673 3118 'en
688 3053 843 3129 Pindaro,
868 3050 1027 3135 Aeschylo
1045 3059 1120 3128 etc,
1144 3071 1178 3133 p.
1197 3052 1371 3117 348-358

202 3166 384 3251 fragmenta
407 3168 453 3235 Μ.
479 3169 634 3234 Antonini
657 3169 743 3253 (cum
772 3168 978 3250 paucissimis
1006 3166 1162 3250 scholiis).
1212 3168 1302 3231 Haec
1331 3167 1371 3233 ab

202 3303 269 3349 una
297 3301 394 3349 manu
423 3284 608 3368 perscripta
637 3293 722 3361 sunt,
758 3284 972 3367 inscriptione
1003 3289 1126 3348 carent.
1175 3282 1236 3349 Est
1265 3273 1372 3348 autem

203 3400 304 3465 codex
327 3402 451 3466 saeculi
473 3400 559 3466 XIV.

292 3516 338 3583 M.
352 3514 507 3581 Antonini
521 3515 704 3598 fragmenta
719 3523 796 3582 sunt
811 3523 939 3581 centum
952 3534 1076 3592 novem,
1094 3534 1229 3598 quorum
1242 3514 1371 3597 quidem

205 3632 317 3697 mutila
340 3631 405 3697 alia
428 3641 513 3707 sunt,
545 3629 610 3698 alia
634 3631 844 3714 expluribus
875 3623 1043 3697 contracta
1069 3633 1103 3696 in
1133 3649 1242 3696 unum.
1291 3630 1373 3696 Sunt

206 3754 311 3812 autern
341 3745 478 3830 haec¹):
512 3749 540 3824 1,
574 3748 682 3812 7-16
714 3748 831 3831 (usque
860 3747 902 3813 ad
930 3745 1041 3831 dpocju
1076 3750 1107 3824 2,
1139 3747 1243 3811 1-17
1279 3746 1371 3829 (pars

204 3869 312 3931 tamen
334 3863 534 3946 paragraphi
561 3863 601 3928 15
630 3863 750 3947 deest);
779 3864 811 3940 3,
838 3865 936 3942 1-6;
964 3865 997 3939 4,
1021 3864 1052 3939 3,
1075 3863 1107 3939 4,
1131 3863 1162 3939 5,
1187 3862 1217 3938 7,
1243 3862 1294 3938 19,
1317 3861 1371 3938 20,

275 4092 296 4159 ¹)
314 4089 444 4147 Schultnii
462 4091 606 4147 sditionem
623 4092 753 4148 minorem
771 4093 909 4161 sequimur
926 4092 955 4147 in
972 4092 1146 4147 numerandis
1156 4091 1285 4148 Antonini
1294 4108 1371 4160 para·

204 4163 324 4232 graphia.
350 4162 478 4218 Ceterum
495 4163 562 4218 haec
580 4164 675 4219 divisio
693 4165 807 4218 maxime
826 4164 907 4218 dubia
924 4164 1066 4232 permultis
1080 4163 1145 4218 locis
1159 4169 1208 4219 est.
1234 4163 1372 4231 Xylander

204 4232 275 4288 enim
297 4234 381 4289 libros
403 4235 546 4289 dumtaxat
569 4235 704 4302 disdnxit3
728 4236 757 4289 in
780 4235 898 4290 editions
922 4235 1098 4305 Lugdunensi
1120 4236 1225 4289 demum
1248 4235 1371 4304 singulae

203 4310 298 4374 partes
315 4305 480 4374 dividuntur,
504 4322 573 4375 quae
591 4312 682 4361 tamen
701 4306 797 4361 divisio
817 4324 833 4362 a
850 4305 1047 4375 posterioribus
1065 4305 1208 4361 immutata
1225 4306 1317 4376 aliqua
1339 4322 1372 4362 ex

203 4382 284 4447 parta
302 4382 352 4432 est.
388 4379 421 4433 In
439 4377 516 4433 libris
535 4383 627 4434 autern
644 4394 706 4434 mss.
724 4378 812 4433 multa
829 4377 920 4434 iuveni
939 4377 1020 4433 aliter
1039 4377 1133 4433 divisa.
