3250 4917
757 358 979 424 ..16¹-

440 551 503 616 nisi
526 552 613 633 quod
638 552 858 618 Christianum
883 552 1003 618 librum
1025 553 1126 619 fuisse
1156 564 1303 639 apparet.
1351 558 1452 622 Index

444 668 545 743 deest,
569 673 679 733 tamen
704 668 903 753 adsumptum
927 677 978 735 est
999 690 1032 753 p.
1061 671 1094 734 l:
1118 670 1238 753 Aesopi
1254 672 1451 756 apophtheg·

440 790 530 850 mato
550 784 619 850 400
642 803 802 850 annornm
833 791 866 850 et
895 785 960 851 alia
987 787 1206 853 miscellanea.
1244 807 1278 871 p.
1304 789 1344 853 31
1376 808 1448 872 sqq.

439 918 473 982 p.
499 901 540 965 61
566 918 639 982 sqq.
664 918 698 982 p.
724 899 768 965 85
790 918 841 982 sqr
868 900 1012 968 continet
1033 902 1079 966 M.
1098 902 1252 968 Antonini
1276 909 1309 969 et
1324 903 1452 969 Aeliani

439 1012 623 1096 fragmenta
644 1015 752 1082 alieno
767 1035 789 1081 s
805 1015 923 1086 soteris
940 1035 1016 1082 mss.
1037 1018 1151 1082 ordine
1166 1017 1302 1083 adiectis
1318 1020 1447 1101 glossis.

438 1149 471 1213 p.
507 1131 547 1195 61
579 1130 782 1198 inscribitur:
822 1133 966 1217 Μάρκου
994 1130 1178 1196 &maviron
1208 1135 1240 1197 ἐκ
1271 1144 1340 1199 τῶν
1372 1138 1449 1196 καθ’

440 1247 555 1310 αὐτόν.
601 1263 689 1314 saec.
714 1246 801 1313 Xlll.

280 1360 324 1428 M
333 1362 354 1427 2
373 1388 418 1415 =
437 1361 625 1429 Marcianus
648 1359 704 1438 XI,
733 1363 783 1439 15,
808 1362 1000 1429 chartaceus
1024 1362 1148 1428 formae
1172 1364 1192 1428 8
1215 1365 1349 1431 maioris
1367 1366 1420 1449 (21
1440 1388 1448 1432 ε

444 1477 545 1557 1501213
579 1478 743 1561 margines
773 1478 869 1562 varii)
906 1498 993 1543 num.
1026 1480 1083 1544 lin.
1119 1479 1227 1547 varius
1264 1481 1346 1563 (fere
1375 1484 1458 1564 2I);-

443 1600 519 1662 sunt
537 1595 597 1660 137
622 1594 701 1661 folia
724 1596 765 1661 ab
788 1595 904 1660 eadem
919 1614 1017 1660 mann
1034 1595 1184 1676 oriunda;
1208 1596 1305 1662 index
1321 1598 1446 1679 quidem

440 1709 543 1785 deest,
578 1716 687 1776 tamen
717 1730 750 1793 p.
787 1711 803 1775 1
835 1710 967 1792 legitur:
1004 1710 1194 1776 Philostrati
1226 1712 1384 1794 imagines
1417 1720 1449 1778 et

441 1825 595 1907 Heroioa.
639 1827 706 1892 300
729 1827 845 1892 saltem
869 1845 1027 1891 annorum
1049 1827 1134 1892 bene
1155 1835 1379 1895 conservatus.
1407 1866 1451 1875 -

441 1960 474 2025 p.
508 1943 639 2007 77-92
675 1942 820 2009 eontinet
853 1942 1007 2008 Antonini
1041 1948 1075 2009 et
1107 1942 1237 2008 Aeliani
1269 1942 1451 2027 fragmenta

435 2057 538 2126 solito
568 2058 692 2124 ordine.
741 2077 775 2141 p.
808 2058 848 2123 77
880 2058 1083 2124 inscribitur:
1114 2057 1236 2142 μάρκου
1263 2057 1449 2124 devovisse

440 2176 475 2236 ἐκ
496 2182 563 2237 τῶν
584 2173 662 2236 καθ’
683 2173 797 2239 αὐτόν.
844 2192 931 2240 saer.
957 2174 1076 2257 XIV.¹)

321 2287 355 2352 P
372 2314 417 2341 =
440 2290 541 2354 codex
564 2289 733 2355 Parisinus
757 2289 908 2373 (Regius)
932 2290 1029 2366 2649,
1059 2290 1254 2356 chartaceus
1280 2289 1403 2355 formae
1427 2291 1446 2354 8

440 2404 573 2470 maioris
597 2405 798 2488 (20:140m;
830 2405 993 2487 margines
1016 2405 1076 2471 lati
1098 2406 1185 2472 2-41
1198 2406 1246 2487 c¹¹¹)
1274 2425 1362 2474 num.
1388 2406 1446 2472 lin.

441 2521 551 2588 varius
582 2520 666 2604 (fere
688 2522 848 2605 24-30).
896 2523 961 2587 212
989 2521 1068 2587 folia
1081 2522 1220 2610 eadem,
1250 2526 1285 2585 nt
1308 2520 1446 2597 videtur,

437 2631 697 2721 manuscripta,
728 2655 800 2703 oum
827 2637 934 2704 indice
958 2638 1097 2704 Graeco.
1145 2638 1261 2702 Insunt
1282 2636 1384 2712 varia,
1411 2657 1445 2720 p.

444 2752 617 2818 174-184
632 2753 816 2836 fragmenta
827 2754 873 2818 M.
888 2754 1042 2820 Antonini
1058 2754 1128 2820 sine
1145 2753 1263 2836 glossis
1274 2759 1308 2818 et
1320 2752 1446 2817 omissis

438 2869 566 2934 Aeliani
587 2867 790 2951 fragmentis.
833 2890 867 2954 p.
896 2871 958 2935 174
981 2870 1100 2937 litteris
1122 2868 1308 2935 mainsenIIs
1330 2865 1443 2932 inscri-

342 2996 345 3004 '
438 2985 539 3052 bitur:
564 2985 688 3071 μάρκου
708 2986 893 3052 ἀντωνίνου
916 2987 949 3049 ἐκ
971 2994 1039 3050 τῶν
1061 2985 1137 3049 καθ’
1159 2982 1322 3066 essedas)
1354 2999 1441 3048 saut.

438 3098 520 3166 XIII
545 3101 595 3165 vel
617 3100 704 3166 XIV.
1235 3189 1237 3193 Ι

316 3216 414 3282 G:
437 3217 539 3283 codex
564 3216 838 3300 Guelferbytanus
862 3216 1046 3301 (Gudianus
1071 3216 1130 3282 Gr.
1157 3216 1225 3299 77),
1256 3207 1447 3282 ehartaeens

353 3341 358 3350 ’
439 3333 506 3418 (vix
528 3332 654 3416 bomb.)
683 3332 807 3399 formae
837 3335 857 3398 8
887 3333 1020 3399 manris
1050 3333 1105 3415 (21
1124 3352 1132 3396 ε
1152 3332 1192 3396 14
1205 3342 1253 3411 Ἣ
1284 3332 1447 3413 margines

438 3450 526 3515 3-4
538 3448 586 3531 ⁰¹¹⁰)
607 3468 698 3517 num.
717 3449 774 3516 lin.
793 3449 863 3515 fere
879 3451 934 3516 26.
970 3449 1035 3515 427
1059 3448 1138 3514 folia
1160 3449 1201 3513 ab
1226 3466 1289 3512 uno
1312 3446 1446 3511 librario

438 3566 633 3649 conscripta,
651 3584 722 3632 enm
737 3565 846 3631 indice
861 3571 936 3648 post
951 3565 1072 3630 addito.
1105 3566 1221 3630 Insunt
1237 3561 1446 3635 collectanea,

437 3703 471 3768 p.
490 3682 664 3748 389-401
689 3681 873 3764 fragmenta
887 3681 932 3745 M.
948 3680 1103 3747 Antonini
1125 3680 1196 3746 sine
1216 3677 1332 3761 glossis
1346 3676 1447 3742 inter-

437 3800 538 3864 mixta
561 3815 633 3863 eum
655 3796 784 3863 Aeliani
811 3795 1046 3879 fragmentisi)
1092 3816 1126 3878 p.
1152 3794 1216 3861 389
1241 3792 1445 3859 inscribitur:

346 3976 371 4061 ⁸¹)
390 3977 472 4055 Certe
490 3974 601 4031 minoris
620 3967 728 4058 aetatis
742 3978 792 4057 est·
809 3988 889 4042 qnam
911 3973 966 4027 eod.
985 3975 1020 4026 M
1034 3973 1058 4039 1,
1082 3976 1174 4026 tamen
1197 3969 1304 4025 sseonlo
1323 3970 1374 4023 XV
1393 3983 1447 4040 non

278 4065 371 4203 magi)
386 4063 553 4204 {imsiirffi
563 4045 914 4189 {Iagiiffuiaifffflaphi
937 4113 1063 4171 editionis
1082 4115 1144 4170 Gat.
1162 4130 1179 4168 a
1197 4114 1231 4167 de
1249 4112 1320 4178 Joly,
1345 4110 1446 4179 opinor,

278 4193 541 4333 adsmiliildsilelliani
558 4262 655 4331 fragm
674 4229 805 4333 odsompti
824 4263 888 4317 sunt
904 4257 1009 4316 numeri
1027 4258 1157 4315 librorum
1173 4254 1446 4326 etparograplrorum

281 4350 297 4388 a
315 4334 466 4406 Lessingio,
484 4339 517 4390 nt
534 4334 650 4390 videtur.
926 4323 944 4359 ⁴
