3250 4917
637 346 860 416 ..17-

321 550 443 635 μάρκαν
465 547 648 613 meantem>
671 548 704 610 ix
726 558 796 611 coir
816 551 894 610 καθ’
916 547 1033 614 αὐτόν.
1072 566 1160 616 saec.
1180 547 1263 615 XIII
1283 548 1334 615 vel

319 663 409 730 XIV.

162 781 218 846 Mo
230 783 250 847 2
262 805 308 834 =
320 779 528 846 Monacensis
543 777 620 855 529,
639 778 748 846 bomb.
767 776 892 844 formae
908 779 928 844 8
946 780 1005 864 (20
1021 800 1028 845 :
1047 781 1090 846 14
1102 792 1149 862 ⁰³¹3
1170 782 1334 864 margines

321 897 418 978 varii)
450 896 508 964 lin.
539 913 627 960 num.
659 895 713 971 24,
752 896 883 977 glossae
911 896 1030 963 litteris
1058 897 1248 964 minusculis
1277 898 1333 963 ad·

322 1013 475 1096 semptae.
525 1011 590 1076 256
616 1009 704 1086 tolia,
729 1029 812 1091 quae
837 1011 1004 1078 continent
1025 1014 1117 1079 varia
1139 1014 1271 1098 scripta,
1299 1014 1333 1078 in

320 1128 371 1193 his
394 1147 428 1211 p.
456 1127 630 1192 134-143
654 1125 838 1207 fragmenta
861 1127 906 1190 M.
926 1128 1080 1195 Antonini
1104 1131 1189 1214 (sine
1206 1128 1332 1194 Aeliani

320 1242 525 1326 fragmentis)
558 1260 630 1307 cnm
653 1241 782 1323 glossis.
809 1241 891 1305 haec
914 1244 954 1308 ab
979 1263 1043 1309 uno
1070 1245 1231 1329 scriptore
1260 1265 1333 1328 pro-

321 1359 516 1425 factasunt.
565 1356 806 1422 inscribuntur:
836 1359 1014 1435 ἐπικτήτου
1043 1361 1236 1446 ἐγχειρίδιον
1264 1362 1332 1422 δεύ-

321 1502 418 1563 τερον
449 1475 537 1559 (sic).
587 1490 675 1540 saec.
705 1473 785 1537 XIII
814 1473 865 1538 vel
895 1473 982 1540 XIV.
1036 1474 1098 1538 Hic
1126 1474 1227 1540 codex
1256 1476 1331 1539 olim

323 1593 529 1673 Augustanus
553 1589 639 1653 idem
656 1596 707 1653 est
722 1594 821 1669 atque
837 1587 938 1653 codex
950 1588 1217 1666 Hoeschelianus‚
1242 1591 1332 1655 cuius

324 1706 478 1771 lectiones
494 1704 605 1771 varlas
629 1703 669 1768 ab
694 1704 750 1769 illo
774 1704 961 1769 criticorum
974 1704 1172 1769 Germaniae
1187 1706 1333 1790 principe

323 1823 506 1904 descriptae
516 1820 694 1905 etposthac
703 1838 762 1902 per
773 1819 1332 1916 nonnullosvirosdootos(of.praei.

324 1939 375 2002 ed.
402 1939 494 2020 Cas.)
518 1936 773 2001 communicatae
796 1940 873 2001 sunt
896 1952 969 1999 cnm
992 1935 1076 2000 Mer.
1096 1935 1332 2018 casaubono.¹)
1434 1929 1437 1934 ’

256 2054 413 2132 Quoniam
438 2072 515 2136 ergo
539 2051 771 2134 descripsimus
793 2050 1012 2117 conditionem
1035 2051 1151 2136 horum
1166 2052 1333 2128 librorum,

167 2172 208 2236 de
232 2171 358 2253 origine
382 2187 421 2233 ac
451 2167 642 2249 cognatione
672 2185 784 2231 eorum
814 2149 1042 2250 disputandum
1073 2168 1145 2244 erit,
1174 2176 1336 2250 quaeest

164 2287 247 2350 satis
278 2284 421 2348 dlilioilia
449 2283 596 2349 materia.
646 2282 767 2347 Omnes
795 2281 895 2365 Igitur
923 2289 1057 2366 praeter
1079 2281 1111 2346 L
1134 2283 1155 2349 2
1178 2294 1212 2349 et
1234 2286 1264 2361 3,
1293 2284 1332 2360 P,

167 2398 225 2462 Mo
248 2400 270 2463 2
295 2397 461 2462 continent
482 2395 663 2479 fragmenta
685 2397 841 2464 Antonini
863 2399 1025 2482 permixta
1049 2417 1120 2463 cum
1143 2397 1334 2481 fragmenta

165 2513 293 2578 Aeliani
317 2512 393 2598 περὶ
415 2511 511 2597 ζῴων.
546 2512 611 2579 Sed
635 2532 706 2580 cum
729 2514 825 2579 huius
840 2514 890 2578 rei
906 2514 986 2579 nihil
1002 2515 1036 2579 in
1053 2515 1218 2598 plerisque
1236 2516 1328 2580 codd.

167 2630 356 2694 adnotatum
380 2635 474 2704 esset,
502 2628 622 2695 factum
646 2629 797 2694 nimirum
821 2637 881 2705 est,
909 2638 945 2695 ut
967 2630 1157 2707 Bandinins4
1189 2632 1333 2698 Lauren·

165 2745 275 2809 danae
295 2743 509 2809 bibliothecae
525 2745 643 2809 abhinc
660 2752 787 2812 cantum
805 2746 917 2809 decem
932 2744 1002 2810 iere
1019 2764 1122 2810 annos
1137 2747 1331 2829 praefectus,

163 2859 213 2925 rir
236 2860 321 2925 inter
345 2878 466 2944 paucos
489 2861 616 2937 doctus,
642 2863 749 2930 omnia
772 2862 853 2926 haec
875 2861 1059 2945 fragmenta
1082 2862 1245 2928 tribueret
1269 2863 1333 2929 An·

163 2976 274 3040 tonino
297 2976 331 3040 in
354 2976 462 3041 Indice
484 2977 571 3042 illins
599 2977 828 3043 bibliothecae.
878 2977 1039 3059 Cognovit
1065 2996 1137 3043 eam
1163 2996 1233 3042 rem
1258 2979 1335 3043 Les-

166 3090 287 3172 siugius
310 3097 441 3157 uteret
464 3093 695 3174 sagacissimus
718 3093 751 3158 in
774 3111 811 3157 re
836 3093 951 3158 critica
979 3100 1014 3158 et
1042 3094 1208 3160 excusavit
1231 3095 1334 3160 virum

165 3206 410 3273 celeberrimum
441 3216 476 3274 ut
498 3210 726 3276 dormitantem
752 3210 943 3290 Homernm;
977 3208 1018 3274 cf.
1045 3206 1185 3292 Lessing
1215 3211 1267 3277 ed.
1293 3211 1331 3278 L.

161 3324 208 3388 IX
230 3344 263 3408 p.
293 3325 480 3389 140-149:
513 3325 787 3410 „Vermeintliche
811 3325 984 3391 Ἀνεκδοτα
1012 3325 1068 3391 des
1091 3325 1273 3390 Antoninus
1299 3327 1333 3390 in

165 3440 222 3503 der
244 3441 473 3522 herzoglichen
489 3440 674 3506 Bibliothelr
697 3461 737 3506 ru
755 3441 928 3508 Florenz.“
954 3448 987 3509 et
1002 3441 1130 3506 Aeliani
1152 3441 1193 3505 de
1216 3448 1333 3507 natura

167 3556 349 3621 animalium
384 3557 436 3621 ed.
475 3556 610 3632 Jacobs,
645 3558 749 3641 prael.
786 3578 820 3642 p.
853 3559 997 3624 LXXVI.
1057 3557 1332 3635 Quemadmodum

165 3675 270 3735 autem
292 3671 414 3738 iactum
437 3673 490 3748 sit
514 3681 550 3738 ut
564 3672 746 3738 Antoninus
770 3673 1026 3739 confunderetur
1048 3691 1119 3737 cum
1134 3670 1270 3737 Aeliano
1294 3692 1333 3738 ae

162 3785 378 3852 mIscerentur
404 3788 589 3873 philosophi
617 3789 841 3855 commentarii
869 3806 941 3854 cum
969 3789 1106 3854 historia
1135 3788 1331 3867 animalium,

235 3911 254 3978 ¹)
273 3910 440 3965 Declaratur
458 3925 491 3965 ea
509 3926 554 3966 res
572 3912 673 3981 optime
690 3928 801 3967 numero
821 3918 903 3980 atque
922 3911 1016 3967 ordine
1029 3912 1245 3981 fragmentorum
1257 3911 1332 3980 paul·

160 3979 217 4034 lum
235 3981 343 4035 diverso
362 3981 396 4034 ab
416 3982 516 4036 ceteris
533 3984 783 4039 mssPerturbavit
801 3985 888 4053 igitur
906 3999 963 4038 rem
977 3999 1027 4052 per
1036 3999 1065 4037 se
1074 3984 1183 4053 planam
1191 3982 1332 4038 Fabricius

161 4052 200 4118 (in
218 4052 280 4106 bibl.
301 4057 411 4122 graeca)
432 4054 563 4108 scribens:
585 4056 642 4123 „Ex
661 4055 750 4110 codice
760 4055 937 4109 bibliothecae
946 4054 1192 4125 Heidelbergensis,
1211 4054 1257 4123 qui
1266 4070 1331 4109 vero

160 4122 251 4191 periit,
270 4125 345 4179 cuius
363 4130 456 4179 tamen
474 4124 611 4193 exemplar
629 4127 805 4182 Hoeschelius
824 4126 875 4181 sibi
893 4127 1004 4194 fecerat,
1026 4142 1059 4181 er
1077 4142 1129 4194 quo
1147 4126 1264 4180 hiericus
1283 4125 1331 4180 Oa·
1437 4161 1441 4170 ·

161 4194 297 4248 saubomrs
316 4196 408 4251 varias
427 4195 512 4250 edidit
530 4195 668 4264 lectiones,
687 4197 827 4266 Xylander
844 4198 946 4267 primus
964 4198 1113 4267 publicavit
1131 4202 1234 4260 textum
1253 4213 1331 4265 graa-

161 4267 361 4393 cum.“ernmo
380 4268 513 4396 Xylgndri
532 4269 615 4324 codex
633 4273 695 4324 erat
705 4269 856 4338 Palatium,
875 4269 1028 4325 Hoeschelii
1046 4271 1136 4324 antem
1146 4269 1332 4342 Augustanus,

160 4351 231 4392 nunc
279 4338 420 4395 suacensis
456 4342 498 4397 29.
