3250 4917
640 436 863 500 ..33-

162 633 262 695 ιιοικὸο
287 631 322 694 X
344 633 392 715 (in
417 628 448 692 P
469 632 538 696 solo
567 648 666 695 mauu
693 630 877 711 posteriore
906 628 1107 711 adscriptum
1137 635 1188 696 est
1214 627 1340 713 κακὸν),

164 746 250 829 quod
273 747 422 812 declarat
445 746 561 811 miram
585 745 701 809 horum
726 744 867 810 omnium
893 744 1039 809 codicum
1065 745 1304 827 cognationem.

252 860 429 928 Attulimus
454 862 640 927 universam
664 858 749 924 hanc
771 859 947 925 lectionum
964 860 1166 937 varietatem,
1190 879 1257 926 non
1276 879 1341 943 quo

164 976 327 1043 Antonino
350 976 461 1043 multis
484 976 634 1060 partibus
660 974 779 1040 afflicto
803 992 842 1039 ac
872 975 991 1040 iacenti
1021 974 1215 1041 medicinam
1244 973 1341 1041 affer·

164 1109 284 1166 remus,
317 1091 376 1156 sed
407 1099 442 1157 ιιι
469 1091 599 1156 illorum
630 1090 777 1154 codicum
807 1107 888 1171 quos
920 1090 1110 1172 compendio
1137 1090 1169 1155 X
1196 1090 1339 1173 amplexi

165 1224 277 1271 sunaus
301 1213 333 1271 ιι
357 1205 579 1289 discrepantia
603 1213 635 1269 ιι
659 1205 872 1287 congruentia
901 1204 1107 1272 subiceretur
1136 1206 1252 1273 oculis.
1292 1205 1344 1271 Ex

164 1322 282 1403 quibus
314 1339 386 1386 cum
409 1320 441 1384 L
464 1322 485 1386 2
510 1328 543 1386 et
566 1321 586 1385 3
611 1327 644 1385 et
667 1318 706 1396 P,
737 1326 805 1384 tum
829 1319 896 1383 Va
925 1326 958 1384 et
981 1318 1061 1384 Ml
1092 1327 1164 1387 arte
1190 1321 1278 1386 inter
1306 1338 1343 1386 se

164 1436 350 1511 cohaerent,
379 1435 479 1501 ceteri
504 1441 614 1499 autem
638 1434 730 1516 quasi
756 1434 893 1516 solivagi
909 1433 1059 1499 videntur
1083 1451 1122 1500 ac
1144 1435 1341 1518 singulares.

165 1550 286 1617 Omnes
318 1557 428 1615 tamen
455 1549 580 1614 iaciunt
607 1555 722 1614 contra
750 1548 782 1612 A
812 1555 845 1614 et
872 1547 908 1611 D
935 1557 969 1615 et
995 1548 1053 1614 Mo
1083 1553 1099 1614 1
1132 1561 1166 1615 ιι
1198 1550 1343 1615 codicem

163 1666 358 1741 Palatinum,
389 1682 429 1729 ex
459 1683 522 1747 quo
556 1673 628 1729 orta
656 1670 707 1730 est
735 1663 788 1727 ed.
814 1664 843 1730 Ι.
891 1664 1101 1758 Aliquantum
1125 1682 1203 1730 vero
1232 1665 1343 1730 valere

165 1777 227 1844 hoc
254 1778 296 1845 ad
324 1778 563 1845 restituendum
593 1784 721 1844 textum
750 1778 844 1843 brevi
878 1778 1024 1861 exemplo
1055 1777 1108 1844 hio
1140 1779 1341 1848 docebimus.

165 1894 318 1959 Inscribit
305 1901 358 1959 tur
380 1894 480 1976 igitur
441 1892 674 1976 urtlragmen
665 1911 693 1958 rs
651 1892 820 1962 tcodd.
839 1888 874 1952 X
887 1893 1018 1959 traditis
1042 1901 1099 1960 aut
1085 1895 1148 1960 ιέιι
1162 1903 1231 1958 τῶν
1249 1898 1345 1957 καθ’

166 2006 286 2073 ἑαυτὸν
311 2009 387 2092 (sic
396 2009 427 2072 V
446 2009 531 2073 l-5
555 2008 586 2072 L
612 2009 628 2071 1
654 2006 698 2071 Μ
719 2009 795 2073 11
762 2014 795 2073 et
817 2007 853 2090 2)
882 1999 939 2073 aut
961 2009 994 2069 ἐκ
1023 2016 1090 2071 τῶν
1120 2007 1210 2070 καθ’
1239 2006 1344 2070 αὑτὸν

168 2121 493 2203 (sicGBPL2
526 2130 559 2189 et
587 2122 932 2205 3111111ο11111ο1
965 2120 1055 2187 dedit
1083 2120 1170 2185 huuc
1197 2119 1343 2185 titulum:

167 2244 233 2300 τοῖο
255 2240 312 2312 ιις
334 2239 506 2301 ιιαοτὸο
474 2236 587 2322 βιβλία
602 2238 653 2321 ιβ,
677 2237 733 2318 qui
748 2244 858 2302 utrum
875 2236 1075 2319 aXylandro
1090 2242 1179 2301 esset
1192 2235 1345 2301 inventus

165 2349 199 2414 in
223 2350 334 2414 codice
346 2349 450 2416 Pala
427 2358 495 2416 trno
520 2370 561 2415 an
585 2351 633 2416 ult
619 2357 671 2416 tro
694 2352 767 2417 illat
753 2359 817 2428 tus,
844 2351 1043 2427 dubitabam,
1068 2369 1140 2415 cum
1163 2350 1219 2415 ille
1237 2350 1345 2415 editor

167 2464 322 2546 princeps
345 2484 410 2529 non
434 2466 515 2531 satis
539 2473 653 2549 aperte
678 2464 866 2551 „nostram“
892 2466 1036 2549 appellet
1054 2466 1143 2531 hanc
1158 2465 1345 2548 inscriptio·

166 2596 241 2642 uem
270 2579 317 2661 (p.
345 2580 410 2643 323
435 2579 486 2644 ed.
513 2579 617 2664 Xyl.).
665 2582 703 2646 In
733 2580 897 2646 codicibus
922 2580 953 2645 A
982 2589 1015 2645 et
1036 2578 1072 2644 D
1097 2586 1205 2645 autem
1235 2579 1346 2661 negle-

165 2694 276 2777 gentia
298 2694 366 2759 illic
388 2694 516 2760 librarii
538 2694 592 2759 hic
615 2694 769 2761 fortasse·
782 2695 917 2761 consilio
942 2696 1096 2760 omissum
1120 2714 1247 2760 omnem
1271 2711 1345 2759 esse

166 2809 295 2874 titulum
318 2827 419 2892 supra
443 2811 780 2890 commemoravimus3
811 2810 853 2875 cl.
879 2831 913 2893 p.
939 2811 960 2874 4
985 2818 1018 2875 ιι
1042 2811 1075 2879 l.
1123 2810 1271 2892 Cognitis
1293 2809 1345 2875 his

165 2924 265 2988 rebus
288 2925 400 3006 putavi
423 2925 571 3008 spurium
595 2943 668 2991 esse
690 2926 782 2991 illum
805 2925 945 3002 titulum,
975 2943 1089 2990 verum
1114 2932 1147 2990 ιι
1170 2926 1347 3007 genuinum

167 3056 252 3114 eum,
282 3039 336 3120 qui
360 3040 524 3105 invenitur
552 3041 587 3104 in
611 3040 706 3106 codd.
733 3039 769 3103 X
793 3039 851 3122 (cl.
876 3041 962 3104 Mus.
989 3040 1096 3107 Rhen.
1121 3040 1145 3105 l.
1170 3040 1223 3122 1.).
1273 3039 1347 3117 Qua

167 3153 202 3217 in
225 3152 416 3233 quaestione
439 3155 567 3219 cautius
591 3172 677 3219 nunc
706 3160 853 3221 statuere
876 3154 982 3229 velim,
1014 3171 1054 3218 ex
1082 3173 1145 3236 quo
1174 3155 1284 3243 inveni
1311 3155 1346 3221 iu

167 3264 226 3330 Mo
251 3269 268 3329 1
292 3266 343 3333 bis
367 3269 523 3334 eundem
550 3269 704 3335 titulum
733 3276 847 3352 atque
874 3270 912 3335 iu
936 3269 992 3334 ed.
1017 3270 1043 3346 l,
1067 3270 1101 3334 in
1125 3270 1187 3335 hac
1210 3287 1343 3352 quoque

167 3400 205 3445 re
229 3391 469 3463 congruentem,
494 3385 582 3467 quod
604 3385 775 3467 scriptoris
798 3404 917 3452 nomen
939 3385 992 3450 hic
1008 3390 1058 3450 est
1072 3385 1213 3468 Μάρκου
1229 3387 1345 3449 Ἀντο-

169 3496 261 3560 οινοο
285 3498 617 3585 αὐτοκράτορος,
646 3500 740 3565 codd.
768 3499 802 3563 X
824 3508 932 3567 autem
958 3518 1070 3565 omnes
1091 3500 1244 3583 ignorent
1264 3498 1347 3563 illud

169 3610 419 3696 αὐτοκράτορος.
462 3614 561 3696 Atqui
584 3613 642 3679 Mo
668 3619 685 3679 1
711 3635 775 3680 nou
800 3615 972 3680 oriundum
998 3633 1071 3680 esse
1095 3613 1135 3679 ab
1164 3613 1346 3679 editiouel

170 3729 203 3786 et
226 3740 266 3785 ιιι
288 3724 361 3805 ipsa
383 3727 547 3810 scriptura
571 3738 604 3795 et
627 3748 667 3794 ex
689 3730 866 3796 lectionum
890 3730 1050 3796 varietate
1074 3735 1223 3811 apparet.
1264 3728 1348 3794 Sunt

168 3836 270 3917 igitur
293 3837 356 3902 duo
380 3839 476 3916 tituli,
501 3862 638 3925 quorum
662 3852 800 3927 uterque
820 3845 902 3910 ferri
917 3845 1030 3927 possit,
1054 3845 1110 3926 qui
1125 3851 1235 3909 tamen
1251 3844 1346 3908 ambo

168 3949 250 4015 ferri
272 3961 450 4034 nequeunt.
500 3956 557 4022 Sin
581 3966 690 4024 autem
712 3959 911 4025 Antoninum
935 3960 1041 4041 ipsum
1066 3958 1226 4034 consules,
1250 3974 1347 4040 prae·

169 4064 257 4131 feres
286 4072 382 4130 καθ’
412 4070 543 4147 ἑαυτὸν,
574 4089 647 4137 cum
675 4073 861 4139 inveniatur
891 4074 942 4149 10,
974 4074 1032 4137 36;
1067 4077 1084 4134 ὁ
1115 4076 1193 4134 καθ’
1225 4070 1347 4137 ἑαυτὸν

169 4182 271 4264 λέγων
296 4190 328 4247 et
315 4183 404 4260 112
427 4185 549 4248 dnos’
572 4188 691 4251 ἑαυτὸν
711 4190 934 4273 ἐνθυμεῖσθαι
955 4183 1009 4248 acti
1031 4188 1256 4253 διανοεῖσθαι.

244 4341 264 4409 ¹)
284 4342 341 4395 LA
357 4340 534 4411 inscriptione
554 4348 642 4409 caret3
660 4344 800 4399 Moit
751 4359 786 4398 au
788 4348 844 4398 tem
861 4342 973 4399 inscribi
987 4347 1066 4401 ἰΕιιι
1052 4349 1159 4410 arctoo
1177 4342 1346 4423 ἐγχειρίδιον

168 4414 305 4490 διάτορον
324 4427 408 4481 supra
426 4414 698 4469 commemoravimus
